%YAML 1.1
%TAG !u! tag:unity3d.com,2011:
--- !u!29 &1
SceneSettings:
  m_ObjectHideFlags: 0
  m_PVSData: 
  m_PVSObjectsArray: []
  m_PVSPortalsArray: []
  m_OcclusionBakeSettings:
    smallestOccluder: 5
    smallestHole: 0.25
    backfaceThreshold: 100
--- !u!104 &2
RenderSettings:
  m_ObjectHideFlags: 0
  serializedVersion: 7
  m_Fog: 0
  m_FogColor: {r: 0.5, g: 0.5, b: 0.5, a: 1}
  m_FogMode: 3
  m_FogDensity: 0.01
  m_LinearFogStart: 0
  m_LinearFogEnd: 300
  m_AmbientSkyColor: {r: 0.7211289, g: 0.8602941, b: 0.7336058, a: 1}
  m_AmbientEquatorColor: {r: 0.114, g: 0.125, b: 0.133, a: 1}
  m_AmbientGroundColor: {r: 0.047, g: 0.043, b: 0.035, a: 1}
  m_AmbientIntensity: 1
  m_AmbientMode: 3
  m_SkyboxMaterial: {fileID: 10304, guid: 0000000000000000f000000000000000, type: 0}
  m_HaloStrength: 0.5
  m_FlareStrength: 1
  m_FlareFadeSpeed: 3
  m_HaloTexture: {fileID: 0}
  m_SpotCookie: {fileID: 10001, guid: 0000000000000000e000000000000000, type: 0}
  m_DefaultReflectionMode: 0
  m_DefaultReflectionResolution: 128
  m_ReflectionBounces: 1
  m_ReflectionIntensity: 1
  m_CustomReflection: {fileID: 0}
  m_Sun: {fileID: 0}
  m_IndirectSpecularColor: {r: 0.44692576, g: 0.49678874, b: 0.5750866, a: 1}
--- !u!157 &3
LightmapSettings:
  m_ObjectHideFlags: 0
  serializedVersion: 7
  m_GIWorkflowMode: 0
  m_GISettings:
    serializedVersion: 2
    m_BounceScale: 1
    m_IndirectOutputScale: 1
    m_AlbedoBoost: 1
    m_TemporalCoherenceThreshold: 1
    m_EnvironmentLightingMode: 0
    m_EnableBakedLightmaps: 1
    m_EnableRealtimeLightmaps: 1
  m_LightmapEditorSettings:
    serializedVersion: 4
    m_Resolution: 2
    m_BakeResolution: 40
    m_TextureWidth: 1024
    m_TextureHeight: 1024
    m_AO: 0
    m_AOMaxDistance: 1
    m_CompAOExponent: 0
    m_CompAOExponentDirect: 0
    m_Padding: 2
    m_LightmapParameters: {fileID: 0}
    m_LightmapsBakeMode: 1
    m_TextureCompression: 1
    m_DirectLightInLightProbes: 1
    m_FinalGather: 0
    m_FinalGatherFiltering: 1
    m_FinalGatherRayCount: 1024
    m_ReflectionCompression: 2
  m_LightingDataAsset: {fileID: 0}
  m_RuntimeCPUUsage: 25
--- !u!196 &4
NavMeshSettings:
  serializedVersion: 2
  m_ObjectHideFlags: 0
  m_BuildSettings:
    serializedVersion: 2
    agentRadius: 0.5
    agentHeight: 2
    agentSlope: 45
    agentClimb: 0.4
    ledgeDropHeight: 0
    maxJumpAcrossDistance: 0
    accuratePlacement: 0
    minRegionArea: 2
    cellSize: 0.16666667
    manualCellSize: 0
  m_NavMeshData: {fileID: 0}
--- !u!1 &23071246
GameObject:
  m_ObjectHideFlags: 0
  m_PrefabParentObject: {fileID: 1000013114125632, guid: 7f706b51a773a471a817775a6d26b3be,
    type: 2}
  m_PrefabInternal: {fileID: 1263437043}
  serializedVersion: 4
  m_Component:
  - 4: {fileID: 23071247}
  - 65: {fileID: 23071248}
  m_Layer: 0
  m_Name: cam3 (1)
  m_TagString: Untagged
  m_Icon: {fileID: 0}
  m_NavMeshLayer: 0
  m_StaticEditorFlags: 0
  m_IsActive: 1
--- !u!4 &23071247
Transform:
  m_ObjectHideFlags: 0
  m_PrefabParentObject: {fileID: 4000013278453104, guid: 7f706b51a773a471a817775a6d26b3be,
    type: 2}
  m_PrefabInternal: {fileID: 1263437043}
  m_GameObject: {fileID: 23071246}
  m_LocalRotation: {x: -0, y: -0, z: -0, w: 1}
  m_LocalPosition: {x: 0, y: -0.106999874, z: 0.092027}
  m_LocalScale: {x: 1.198995, y: 1.1989952, z: 1.1989952}
  m_LocalEulerAnglesHint: {x: 0, y: 0, z: 0}
  m_Children:
  - {fileID: 1509799097}
  m_Father: {fileID: 1597510557}
  m_RootOrder: 0
--- !u!65 &23071248
BoxCollider:
  m_ObjectHideFlags: 0
  m_PrefabParentObject: {fileID: 65000013902603388, guid: 7f706b51a773a471a817775a6d26b3be,
    type: 2}
  m_PrefabInternal: {fileID: 1263437043}
  m_GameObject: {fileID: 23071246}
  m_Material: {fileID: 0}
  m_IsTrigger: 0
  m_Enabled: 1
  serializedVersion: 2
  m_Size: {x: 0.44, y: 0.31, z: 1}
  m_Center: {x: 0, y: 0.16, z: -0.13}
--- !u!1 &146123297
GameObject:
  m_ObjectHideFlags: 0
  m_PrefabParentObject: {fileID: 0}
  m_PrefabInternal: {fileID: 0}
  serializedVersion: 4
  m_Component:
  - 4: {fileID: 146123300}
  - 114: {fileID: 146123299}
  - 114: {fileID: 146123298}
  m_Layer: 0
  m_Name: EventSystem
  m_TagString: Untagged
  m_Icon: {fileID: 0}
  m_NavMeshLayer: 0
  m_StaticEditorFlags: 0
  m_IsActive: 1
--- !u!114 &146123298
MonoBehaviour:
  m_ObjectHideFlags: 0
  m_PrefabParentObject: {fileID: 0}
  m_PrefabInternal: {fileID: 0}
  m_GameObject: {fileID: 146123297}
  m_Enabled: 1
  m_EditorHideFlags: 0
  m_Script: {fileID: 1077351063, guid: f5f67c52d1564df4a8936ccd202a3bd8, type: 3}
  m_Name: 
  m_EditorClassIdentifier: 
  m_HorizontalAxis: Horizontal
  m_VerticalAxis: Vertical
  m_SubmitButton: Submit
  m_CancelButton: Cancel
  m_InputActionsPerSecond: 10
  m_RepeatDelay: 0.5
  m_ForceModuleActive: 0
--- !u!114 &146123299
MonoBehaviour:
  m_ObjectHideFlags: 0
  m_PrefabParentObject: {fileID: 0}
  m_PrefabInternal: {fileID: 0}
  m_GameObject: {fileID: 146123297}
  m_Enabled: 1
  m_EditorHideFlags: 0
  m_Script: {fileID: -619905303, guid: f5f67c52d1564df4a8936ccd202a3bd8, type: 3}
  m_Name: 
  m_EditorClassIdentifier: 
  m_FirstSelected: {fileID: 0}
  m_sendNavigationEvents: 1
  m_DragThreshold: 5
--- !u!4 &146123300
Transform:
  m_ObjectHideFlags: 0
  m_PrefabParentObject: {fileID: 0}
  m_PrefabInternal: {fileID: 0}
  m_GameObject: {fileID: 146123297}
  m_LocalRotation: {x: 0, y: 0, z: 0, w: 1}
  m_LocalPosition: {x: 0, y: 0, z: 0}
  m_LocalScale: {x: 1, y: 1, z: 1}
  m_LocalEulerAnglesHint: {x: 0, y: 0, z: 0}
  m_Children: []
  m_Father: {fileID: 0}
  m_RootOrder: 3
--- !u!1 &164814907
GameObject:
  m_ObjectHideFlags: 0
  m_PrefabParentObject: {fileID: 0}
  m_PrefabInternal: {fileID: 0}
  serializedVersion: 4
  m_Component:
  - 4: {fileID: 164814911}
  - 33: {fileID: 164814910}
  - 65: {fileID: 164814909}
  - 23: {fileID: 164814908}
  m_Layer: 0
  m_Name: ActiveCameraZone (1)
  m_TagString: Untagged
  m_Icon: {fileID: 0}
  m_NavMeshLayer: 0
  m_StaticEditorFlags: 0
  m_IsActive: 1
--- !u!23 &164814908
MeshRenderer:
  m_ObjectHideFlags: 0
  m_PrefabParentObject: {fileID: 0}
  m_PrefabInternal: {fileID: 0}
  m_GameObject: {fileID: 164814907}
  m_Enabled: 1
  m_CastShadows: 0
  m_ReceiveShadows: 1
  m_MotionVectors: 1
  m_LightProbeUsage: 1
  m_ReflectionProbeUsage: 1
  m_Materials:
  - {fileID: 2100000, guid: 8629752e1075c4bd1a51c7e83be8c7f9, type: 2}
  m_SubsetIndices: 
  m_StaticBatchRoot: {fileID: 0}
  m_ProbeAnchor: {fileID: 0}
  m_LightProbeVolumeOverride: {fileID: 0}
  m_ScaleInLightmap: 1
  m_PreserveUVs: 1
  m_IgnoreNormalsForChartDetection: 0
  m_ImportantGI: 0
  m_SelectedWireframeHidden: 0
  m_MinimumChartSize: 4
  m_AutoUVMaxDistance: 0.5
  m_AutoUVMaxAngle: 89
  m_LightmapParameters: {fileID: 0}
  m_SortingLayerID: 0
  m_SortingOrder: 0
--- !u!65 &164814909
BoxCollider:
  m_ObjectHideFlags: 0
  m_PrefabParentObject: {fileID: 0}
  m_PrefabInternal: {fileID: 0}
  m_GameObject: {fileID: 164814907}
  m_Material: {fileID: 0}
  m_IsTrigger: 1
  m_Enabled: 1
  serializedVersion: 2
  m_Size: {x: 1, y: 1, z: 1}
  m_Center: {x: 0, y: 0, z: 0}
--- !u!33 &164814910
MeshFilter:
  m_ObjectHideFlags: 0
  m_PrefabParentObject: {fileID: 0}
  m_PrefabInternal: {fileID: 0}
  m_GameObject: {fileID: 164814907}
  m_Mesh: {fileID: 10202, guid: 0000000000000000e000000000000000, type: 0}
--- !u!4 &164814911
Transform:
  m_ObjectHideFlags: 0
  m_PrefabParentObject: {fileID: 0}
  m_PrefabInternal: {fileID: 0}
  m_GameObject: {fileID: 164814907}
  m_LocalRotation: {x: 0, y: 0, z: 0, w: 1}
  m_LocalPosition: {x: 1.32, y: 5.108842, z: -3.4963942}
  m_LocalScale: {x: 7.234577, y: 32.375763, z: 5.3343134}
  m_LocalEulerAnglesHint: {x: 0, y: 0, z: 0}
  m_Children: []
  m_Father: {fileID: 287656276}
  m_RootOrder: 3
--- !u!1 &253029905
GameObject:
  m_ObjectHideFlags: 0
  m_PrefabParentObject: {fileID: 0}
  m_PrefabInternal: {fileID: 0}
  serializedVersion: 4
  m_Component:
  - 4: {fileID: 253029909}
  - 33: {fileID: 253029908}
  - 136: {fileID: 253029907}
  - 23: {fileID: 253029906}
  m_Layer: 0
  m_Name: Capsule (2)
  m_TagString: Untagged
  m_Icon: {fileID: 0}
  m_NavMeshLayer: 0
  m_StaticEditorFlags: 0
  m_IsActive: 0
--- !u!23 &253029906
MeshRenderer:
  m_ObjectHideFlags: 0
  m_PrefabParentObject: {fileID: 0}
  m_PrefabInternal: {fileID: 0}
  m_GameObject: {fileID: 253029905}
  m_Enabled: 1
  m_CastShadows: 1
  m_ReceiveShadows: 1
  m_MotionVectors: 1
  m_LightProbeUsage: 1
  m_ReflectionProbeUsage: 1
  m_Materials:
  - {fileID: 2100000, guid: c63ba720eab304bfba35f9df15a2bde7, type: 2}
  m_SubsetIndices: 
  m_StaticBatchRoot: {fileID: 0}
  m_ProbeAnchor: {fileID: 0}
  m_LightProbeVolumeOverride: {fileID: 0}
  m_ScaleInLightmap: 1
  m_PreserveUVs: 1
  m_IgnoreNormalsForChartDetection: 0
  m_ImportantGI: 0
  m_SelectedWireframeHidden: 0
  m_MinimumChartSize: 4
  m_AutoUVMaxDistance: 0.5
  m_AutoUVMaxAngle: 89
  m_LightmapParameters: {fileID: 0}
  m_SortingLayerID: 0
  m_SortingOrder: 0
--- !u!136 &253029907
CapsuleCollider:
  m_ObjectHideFlags: 0
  m_PrefabParentObject: {fileID: 0}
  m_PrefabInternal: {fileID: 0}
  m_GameObject: {fileID: 253029905}
  m_Material: {fileID: 13400000, guid: f49a1c154f8e9406b8c12cb2d9a32e2c, type: 2}
  m_IsTrigger: 0
  m_Enabled: 1
  m_Radius: 0.5
  m_Height: 2
  m_Direction: 1
  m_Center: {x: 0, y: 0, z: 0}
--- !u!33 &253029908
MeshFilter:
  m_ObjectHideFlags: 0
  m_PrefabParentObject: {fileID: 0}
  m_PrefabInternal: {fileID: 0}
  m_GameObject: {fileID: 253029905}
  m_Mesh: {fileID: 10208, guid: 0000000000000000e000000000000000, type: 0}
--- !u!4 &253029909
Transform:
  m_ObjectHideFlags: 0
  m_PrefabParentObject: {fileID: 0}
  m_PrefabInternal: {fileID: 0}
  m_GameObject: {fileID: 253029905}
  m_LocalRotation: {x: -0.2773258, y: 0, z: 0, w: 0.960776}
  m_LocalPosition: {x: -1.23, y: 0.09, z: -0.93}
  m_LocalScale: {x: 0.27976567, y: 13.681361, z: 0.27976567}
  m_LocalEulerAnglesHint: {x: -32.2014, y: 0, z: 0}
  m_Children: []
  m_Father: {fileID: 0}
  m_RootOrder: 11
--- !u!1 &283861322
GameObject:
  m_ObjectHideFlags: 0
  m_PrefabParentObject: {fileID: 111778, guid: dbc4305bcbe70445b968bc3bf399afe5, type: 2}
  m_PrefabInternal: {fileID: 826734527}
  serializedVersion: 4
  m_Component:
  - 4: {fileID: 283861323}
  - 33: {fileID: 283861325}
  - 23: {fileID: 283861324}
  m_Layer: 0
  m_Name: TubeMonitorMonitor (1)
  m_TagString: Untagged
  m_Icon: {fileID: 0}
  m_NavMeshLayer: 0
  m_StaticEditorFlags: 0
  m_IsActive: 1
--- !u!4 &283861323
Transform:
  m_ObjectHideFlags: 0
  m_PrefabParentObject: {fileID: 438590, guid: dbc4305bcbe70445b968bc3bf399afe5, type: 2}
  m_PrefabInternal: {fileID: 826734527}
  m_GameObject: {fileID: 283861322}
  m_LocalRotation: {x: 0, y: 1, z: 0, w: -0.00000016292068}
  m_LocalPosition: {x: 0, y: 0, z: 0}
  m_LocalScale: {x: 1, y: 1, z: 1}
  m_LocalEulerAnglesHint: {x: 0, y: 180, z: 0}
  m_Children: []
  m_Father: {fileID: 1346787790}
  m_RootOrder: 0
--- !u!23 &283861324
MeshRenderer:
  m_ObjectHideFlags: 0
  m_PrefabParentObject: {fileID: 2340708, guid: dbc4305bcbe70445b968bc3bf399afe5,
    type: 2}
  m_PrefabInternal: {fileID: 826734527}
  m_GameObject: {fileID: 283861322}
  m_Enabled: 1
  m_CastShadows: 1
  m_ReceiveShadows: 1
  m_MotionVectors: 1
  m_LightProbeUsage: 1
  m_ReflectionProbeUsage: 1
  m_Materials:
  - {fileID: 10303, guid: 0000000000000000f000000000000000, type: 0}
  m_SubsetIndices: 
  m_StaticBatchRoot: {fileID: 0}
  m_ProbeAnchor: {fileID: 0}
  m_LightProbeVolumeOverride: {fileID: 0}
  m_ScaleInLightmap: 1
  m_PreserveUVs: 1
  m_IgnoreNormalsForChartDetection: 0
  m_ImportantGI: 0
  m_SelectedWireframeHidden: 0
  m_MinimumChartSize: 4
  m_AutoUVMaxDistance: 0.5
  m_AutoUVMaxAngle: 89
  m_LightmapParameters: {fileID: 0}
  m_SortingLayerID: 0
  m_SortingOrder: 0
--- !u!33 &283861325
MeshFilter:
  m_ObjectHideFlags: 0
  m_PrefabParentObject: {fileID: 3336104, guid: dbc4305bcbe70445b968bc3bf399afe5,
    type: 2}
  m_PrefabInternal: {fileID: 826734527}
  m_GameObject: {fileID: 283861322}
  m_Mesh: {fileID: 10210, guid: 0000000000000000e000000000000000, type: 0}
--- !u!1 &287656275
GameObject:
  m_ObjectHideFlags: 0
  m_PrefabParentObject: {fileID: 0}
  m_PrefabInternal: {fileID: 0}
  serializedVersion: 4
  m_Component:
  - 4: {fileID: 287656276}
  m_Layer: 0
  m_Name: GameObject
  m_TagString: Untagged
  m_Icon: {fileID: 0}
  m_NavMeshLayer: 0
  m_StaticEditorFlags: 0
  m_IsActive: 1
--- !u!4 &287656276
Transform:
  m_ObjectHideFlags: 0
  m_PrefabParentObject: {fileID: 0}
  m_PrefabInternal: {fileID: 0}
  m_GameObject: {fileID: 287656275}
  m_LocalRotation: {x: -0.08715575, y: 0, z: 0, w: 0.9961947}
  m_LocalPosition: {x: -0.6796875, y: 4.9111586, z: -0.43360597}
  m_LocalScale: {x: 1, y: 1, z: 1}
  m_LocalEulerAnglesHint: {x: -10, y: 0, z: 0}
  m_Children:
  - {fileID: 1629603521}
  - {fileID: 309507289}
  - {fileID: 1319955315}
  - {fileID: 164814911}
  - {fileID: 1335891500}
  m_Father: {fileID: 0}
  m_RootOrder: 8
--- !u!1 &309507285
GameObject:
  m_ObjectHideFlags: 0
  m_PrefabParentObject: {fileID: 0}
  m_PrefabInternal: {fileID: 0}
  serializedVersion: 4
  m_Component:
  - 4: {fileID: 309507289}
  - 33: {fileID: 309507288}
  - 64: {fileID: 309507287}
  - 23: {fileID: 309507286}
  m_Layer: 0
  m_Name: Screen
  m_TagString: Untagged
  m_Icon: {fileID: 0}
  m_NavMeshLayer: 0
  m_StaticEditorFlags: 0
  m_IsActive: 1
--- !u!23 &309507286
MeshRenderer:
  m_ObjectHideFlags: 0
  m_PrefabParentObject: {fileID: 0}
  m_PrefabInternal: {fileID: 0}
  m_GameObject: {fileID: 309507285}
  m_Enabled: 1
  m_CastShadows: 1
  m_ReceiveShadows: 1
  m_MotionVectors: 1
  m_LightProbeUsage: 1
  m_ReflectionProbeUsage: 1
  m_Materials:
  - {fileID: 10303, guid: 0000000000000000f000000000000000, type: 0}
  m_SubsetIndices: 
  m_StaticBatchRoot: {fileID: 0}
  m_ProbeAnchor: {fileID: 0}
  m_LightProbeVolumeOverride: {fileID: 0}
  m_ScaleInLightmap: 1
  m_PreserveUVs: 1
  m_IgnoreNormalsForChartDetection: 0
  m_ImportantGI: 0
  m_SelectedWireframeHidden: 0
  m_MinimumChartSize: 4
  m_AutoUVMaxDistance: 0.5
  m_AutoUVMaxAngle: 89
  m_LightmapParameters: {fileID: 0}
  m_SortingLayerID: 0
  m_SortingOrder: 0
--- !u!64 &309507287
MeshCollider:
  m_ObjectHideFlags: 0
  m_PrefabParentObject: {fileID: 0}
  m_PrefabInternal: {fileID: 0}
  m_GameObject: {fileID: 309507285}
  m_Material: {fileID: 0}
  m_IsTrigger: 0
  m_Enabled: 1
  serializedVersion: 2
  m_Convex: 0
  m_Mesh: {fileID: 10210, guid: 0000000000000000e000000000000000, type: 0}
--- !u!33 &309507288
MeshFilter:
  m_ObjectHideFlags: 0
  m_PrefabParentObject: {fileID: 0}
  m_PrefabInternal: {fileID: 0}
  m_GameObject: {fileID: 309507285}
  m_Mesh: {fileID: 10210, guid: 0000000000000000e000000000000000, type: 0}
--- !u!4 &309507289
Transform:
  m_ObjectHideFlags: 0
  m_PrefabParentObject: {fileID: 0}
  m_PrefabInternal: {fileID: 0}
  m_GameObject: {fileID: 309507285}
  m_LocalRotation: {x: 0, y: -0.7071068, z: 0, w: 0.7071067}
  m_LocalPosition: {x: -9.3203125, y: 0.08884144, z: 0.43360597}
  m_LocalScale: {x: 20, y: 12, z: 1}
  m_LocalEulerAnglesHint: {x: 0, y: -90, z: 0}
  m_Children: []
  m_Father: {fileID: 287656276}
  m_RootOrder: 1
--- !u!1 &375540607
GameObject:
  m_ObjectHideFlags: 0
  m_PrefabParentObject: {fileID: 0}
  m_PrefabInternal: {fileID: 0}
  serializedVersion: 4
  m_Component:
  - 4: {fileID: 375540611}
  - 33: {fileID: 375540610}
  - 136: {fileID: 375540609}
  - 23: {fileID: 375540608}
  m_Layer: 0
  m_Name: Capsule (4)
  m_TagString: Untagged
  m_Icon: {fileID: 0}
  m_NavMeshLayer: 0
  m_StaticEditorFlags: 0
  m_IsActive: 0
--- !u!23 &375540608
MeshRenderer:
  m_ObjectHideFlags: 0
  m_PrefabParentObject: {fileID: 0}
  m_PrefabInternal: {fileID: 0}
  m_GameObject: {fileID: 375540607}
  m_Enabled: 1
  m_CastShadows: 1
  m_ReceiveShadows: 1
  m_MotionVectors: 1
  m_LightProbeUsage: 1
  m_ReflectionProbeUsage: 1
  m_Materials:
  - {fileID: 2100000, guid: c63ba720eab304bfba35f9df15a2bde7, type: 2}
  m_SubsetIndices: 
  m_StaticBatchRoot: {fileID: 0}
  m_ProbeAnchor: {fileID: 0}
  m_LightProbeVolumeOverride: {fileID: 0}
  m_ScaleInLightmap: 1
  m_PreserveUVs: 1
  m_IgnoreNormalsForChartDetection: 0
  m_ImportantGI: 0
  m_SelectedWireframeHidden: 0
  m_MinimumChartSize: 4
  m_AutoUVMaxDistance: 0.5
  m_AutoUVMaxAngle: 89
  m_LightmapParameters: {fileID: 0}
  m_SortingLayerID: 0
  m_SortingOrder: 0
--- !u!136 &375540609
CapsuleCollider:
  m_ObjectHideFlags: 0
  m_PrefabParentObject: {fileID: 0}
  m_PrefabInternal: {fileID: 0}
  m_GameObject: {fileID: 375540607}
  m_Material: {fileID: 13400000, guid: f49a1c154f8e9406b8c12cb2d9a32e2c, type: 2}
  m_IsTrigger: 0
  m_Enabled: 1
  m_Radius: 0.5
  m_Height: 2
  m_Direction: 1
  m_Center: {x: 0, y: 0, z: 0}
--- !u!33 &375540610
MeshFilter:
  m_ObjectHideFlags: 0
  m_PrefabParentObject: {fileID: 0}
  m_PrefabInternal: {fileID: 0}
  m_GameObject: {fileID: 375540607}
  m_Mesh: {fileID: 10208, guid: 0000000000000000e000000000000000, type: 0}
--- !u!4 &375540611
Transform:
  m_ObjectHideFlags: 0
  m_PrefabParentObject: {fileID: 0}
  m_PrefabInternal: {fileID: 0}
  m_GameObject: {fileID: 375540607}
  m_LocalRotation: {x: -0.2773258, y: 0, z: 0, w: 0.960776}
  m_LocalPosition: {x: 4.48, y: 0.09, z: 2.54}
  m_LocalScale: {x: 0.27976567, y: 13.681361, z: 0.27976567}
  m_LocalEulerAnglesHint: {x: -32.2014, y: 0, z: 0}
  m_Children: []
  m_Father: {fileID: 0}
  m_RootOrder: 13
--- !u!1 &412164730
GameObject:
  m_ObjectHideFlags: 0
  m_PrefabParentObject: {fileID: 0}
  m_PrefabInternal: {fileID: 0}
  serializedVersion: 4
  m_Component:
  - 4: {fileID: 412164731}
  m_Layer: 0
  m_Name: MonitorTube
  m_TagString: Untagged
  m_Icon: {fileID: 0}
  m_NavMeshLayer: 0
  m_StaticEditorFlags: 0
  m_IsActive: 1
--- !u!4 &412164731
Transform:
  m_ObjectHideFlags: 0
  m_PrefabParentObject: {fileID: 0}
  m_PrefabInternal: {fileID: 0}
  m_GameObject: {fileID: 412164730}
  m_LocalRotation: {x: 0, y: 0, z: 0, w: 1}
  m_LocalPosition: {x: 0, y: 1, z: 0}
  m_LocalScale: {x: 1, y: 1, z: 1}
  m_LocalEulerAnglesHint: {x: 0, y: 0, z: 0}
  m_Children:
  - {fileID: 1267246344}
  m_Father: {fileID: 0}
  m_RootOrder: 5
--- !u!1 &450464672
GameObject:
  m_ObjectHideFlags: 0
  m_PrefabParentObject: {fileID: 0}
  m_PrefabInternal: {fileID: 0}
  serializedVersion: 4
  m_Component:
  - 4: {fileID: 450464676}
  - 33: {fileID: 450464675}
  - 136: {fileID: 450464674}
  - 23: {fileID: 450464673}
  m_Layer: 0
  m_Name: Capsule (6)
  m_TagString: Untagged
  m_Icon: {fileID: 0}
  m_NavMeshLayer: 0
  m_StaticEditorFlags: 0
  m_IsActive: 0
--- !u!23 &450464673
MeshRenderer:
  m_ObjectHideFlags: 0
  m_PrefabParentObject: {fileID: 0}
  m_PrefabInternal: {fileID: 0}
  m_GameObject: {fileID: 450464672}
  m_Enabled: 1
  m_CastShadows: 1
  m_ReceiveShadows: 1
  m_MotionVectors: 1
  m_LightProbeUsage: 1
  m_ReflectionProbeUsage: 1
  m_Materials:
  - {fileID: 2100000, guid: c63ba720eab304bfba35f9df15a2bde7, type: 2}
  m_SubsetIndices: 
  m_StaticBatchRoot: {fileID: 0}
  m_ProbeAnchor: {fileID: 0}
  m_LightProbeVolumeOverride: {fileID: 0}
  m_ScaleInLightmap: 1
  m_PreserveUVs: 1
  m_IgnoreNormalsForChartDetection: 0
  m_ImportantGI: 0
  m_SelectedWireframeHidden: 0
  m_MinimumChartSize: 4
  m_AutoUVMaxDistance: 0.5
  m_AutoUVMaxAngle: 89
  m_LightmapParameters: {fileID: 0}
  m_SortingLayerID: 0
  m_SortingOrder: 0
--- !u!136 &450464674
CapsuleCollider:
  m_ObjectHideFlags: 0
  m_PrefabParentObject: {fileID: 0}
  m_PrefabInternal: {fileID: 0}
  m_GameObject: {fileID: 450464672}
  m_Material: {fileID: 13400000, guid: f49a1c154f8e9406b8c12cb2d9a32e2c, type: 2}
  m_IsTrigger: 0
  m_Enabled: 1
  m_Radius: 0.5
  m_Height: 2
  m_Direction: 1
  m_Center: {x: 0, y: 0, z: 0}
--- !u!33 &450464675
MeshFilter:
  m_ObjectHideFlags: 0
  m_PrefabParentObject: {fileID: 0}
  m_PrefabInternal: {fileID: 0}
  m_GameObject: {fileID: 450464672}
  m_Mesh: {fileID: 10208, guid: 0000000000000000e000000000000000, type: 0}
--- !u!4 &450464676
Transform:
  m_ObjectHideFlags: 0
  m_PrefabParentObject: {fileID: 0}
  m_PrefabInternal: {fileID: 0}
  m_GameObject: {fileID: 450464672}
  m_LocalRotation: {x: -0.2773258, y: 0, z: 0, w: 0.960776}
  m_LocalPosition: {x: 2.14, y: 0.09, z: 5.35}
  m_LocalScale: {x: 0.27976567, y: 13.681361, z: 0.27976567}
  m_LocalEulerAnglesHint: {x: -32.2014, y: 0, z: 0}
  m_Children: []
  m_Father: {fileID: 0}
  m_RootOrder: 15
--- !u!1 &542797507
GameObject:
  m_ObjectHideFlags: 0
  m_PrefabParentObject: {fileID: 0}
  m_PrefabInternal: {fileID: 0}
  serializedVersion: 4
  m_Component:
  - 4: {fileID: 542797509}
  m_Layer: 0
  m_Name: CameraSpawner
  m_TagString: Untagged
  m_Icon: {fileID: 0}
  m_NavMeshLayer: 0
  m_StaticEditorFlags: 0
  m_IsActive: 1
--- !u!4 &542797509
Transform:
  m_ObjectHideFlags: 0
  m_PrefabParentObject: {fileID: 0}
  m_PrefabInternal: {fileID: 0}
  m_GameObject: {fileID: 542797507}
  m_LocalRotation: {x: 0, y: 0, z: 0, w: 1}
  m_LocalPosition: {x: 0, y: 21.85, z: 0}
  m_LocalScale: {x: 1, y: 1, z: 1}
  m_LocalEulerAnglesHint: {x: 0, y: 0, z: 0}
  m_Children: []
  m_Father: {fileID: 0}
  m_RootOrder: 2
--- !u!1 &581470870
GameObject:
  m_ObjectHideFlags: 0
  m_PrefabParentObject: {fileID: 0}
  m_PrefabInternal: {fileID: 0}
  serializedVersion: 4
  m_Component:
  - 4: {fileID: 581470874}
  - 33: {fileID: 581470873}
  - 136: {fileID: 581470872}
  - 23: {fileID: 581470871}
  m_Layer: 0
  m_Name: Capsule (8)
  m_TagString: Untagged
  m_Icon: {fileID: 0}
  m_NavMeshLayer: 0
  m_StaticEditorFlags: 0
  m_IsActive: 0
--- !u!23 &581470871
MeshRenderer:
  m_ObjectHideFlags: 0
  m_PrefabParentObject: {fileID: 0}
  m_PrefabInternal: {fileID: 0}
  m_GameObject: {fileID: 581470870}
  m_Enabled: 1
  m_CastShadows: 1
  m_ReceiveShadows: 1
  m_MotionVectors: 1
  m_LightProbeUsage: 1
  m_ReflectionProbeUsage: 1
  m_Materials:
  - {fileID: 2100000, guid: c63ba720eab304bfba35f9df15a2bde7, type: 2}
  m_SubsetIndices: 
  m_StaticBatchRoot: {fileID: 0}
  m_ProbeAnchor: {fileID: 0}
  m_LightProbeVolumeOverride: {fileID: 0}
  m_ScaleInLightmap: 1
  m_PreserveUVs: 1
  m_IgnoreNormalsForChartDetection: 0
  m_ImportantGI: 0
  m_SelectedWireframeHidden: 0
  m_MinimumChartSize: 4
  m_AutoUVMaxDistance: 0.5
  m_AutoUVMaxAngle: 89
  m_LightmapParameters: {fileID: 0}
  m_SortingLayerID: 0
  m_SortingOrder: 0
--- !u!136 &581470872
CapsuleCollider:
  m_ObjectHideFlags: 0
  m_PrefabParentObject: {fileID: 0}
  m_PrefabInternal: {fileID: 0}
  m_GameObject: {fileID: 581470870}
  m_Material: {fileID: 13400000, guid: f49a1c154f8e9406b8c12cb2d9a32e2c, type: 2}
  m_IsTrigger: 0
  m_Enabled: 1
  m_Radius: 0.5
  m_Height: 2
  m_Direction: 1
  m_Center: {x: 0, y: 0, z: 0}
--- !u!33 &581470873
MeshFilter:
  m_ObjectHideFlags: 0
  m_PrefabParentObject: {fileID: 0}
  m_PrefabInternal: {fileID: 0}
  m_GameObject: {fileID: 581470870}
  m_Mesh: {fileID: 10208, guid: 0000000000000000e000000000000000, type: 0}
--- !u!4 &581470874
Transform:
  m_ObjectHideFlags: 0
  m_PrefabParentObject: {fileID: 0}
  m_PrefabInternal: {fileID: 0}
  m_GameObject: {fileID: 581470870}
  m_LocalRotation: {x: -0.2773258, y: 0, z: 0, w: 0.960776}
  m_LocalPosition: {x: 6.74, y: 0.09, z: -2.88}
  m_LocalScale: {x: 0.27976567, y: 13.681361, z: 0.27976567}
  m_LocalEulerAnglesHint: {x: -32.2014, y: 0, z: 0}
  m_Children: []
  m_Father: {fileID: 0}
  m_RootOrder: 17
--- !u!1 &728535289
GameObject:
  m_ObjectHideFlags: 0
  m_PrefabParentObject: {fileID: 0}
  m_PrefabInternal: {fileID: 0}
  serializedVersion: 4
  m_Component:
  - 4: {fileID: 728535293}
  - 33: {fileID: 728535292}
  - 136: {fileID: 728535291}
  - 23: {fileID: 728535290}
  m_Layer: 0
  m_Name: Capsule (7)
  m_TagString: Untagged
  m_Icon: {fileID: 0}
  m_NavMeshLayer: 0
  m_StaticEditorFlags: 0
  m_IsActive: 0
--- !u!23 &728535290
MeshRenderer:
  m_ObjectHideFlags: 0
  m_PrefabParentObject: {fileID: 0}
  m_PrefabInternal: {fileID: 0}
  m_GameObject: {fileID: 728535289}
  m_Enabled: 1
  m_CastShadows: 1
  m_ReceiveShadows: 1
  m_MotionVectors: 1
  m_LightProbeUsage: 1
  m_ReflectionProbeUsage: 1
  m_Materials:
  - {fileID: 2100000, guid: c63ba720eab304bfba35f9df15a2bde7, type: 2}
  m_SubsetIndices: 
  m_StaticBatchRoot: {fileID: 0}
  m_ProbeAnchor: {fileID: 0}
  m_LightProbeVolumeOverride: {fileID: 0}
  m_ScaleInLightmap: 1
  m_PreserveUVs: 1
  m_IgnoreNormalsForChartDetection: 0
  m_ImportantGI: 0
  m_SelectedWireframeHidden: 0
  m_MinimumChartSize: 4
  m_AutoUVMaxDistance: 0.5
  m_AutoUVMaxAngle: 89
  m_LightmapParameters: {fileID: 0}
  m_SortingLayerID: 0
  m_SortingOrder: 0
--- !u!136 &728535291
CapsuleCollider:
  m_ObjectHideFlags: 0
  m_PrefabParentObject: {fileID: 0}
  m_PrefabInternal: {fileID: 0}
  m_GameObject: {fileID: 728535289}
  m_Material: {fileID: 13400000, guid: f49a1c154f8e9406b8c12cb2d9a32e2c, type: 2}
  m_IsTrigger: 0
  m_Enabled: 1
  m_Radius: 0.5
  m_Height: 2
  m_Direction: 1
  m_Center: {x: 0, y: 0, z: 0}
--- !u!33 &728535292
MeshFilter:
  m_ObjectHideFlags: 0
  m_PrefabParentObject: {fileID: 0}
  m_PrefabInternal: {fileID: 0}
  m_GameObject: {fileID: 728535289}
  m_Mesh: {fileID: 10208, guid: 0000000000000000e000000000000000, type: 0}
--- !u!4 &728535293
Transform:
  m_ObjectHideFlags: 0
  m_PrefabParentObject: {fileID: 0}
  m_PrefabInternal: {fileID: 0}
  m_GameObject: {fileID: 728535289}
  m_LocalRotation: {x: -0.2773258, y: 0, z: 0, w: 0.960776}
  m_LocalPosition: {x: 2.14, y: 0.09, z: 1.27}
  m_LocalScale: {x: 0.27976567, y: 13.681361, z: 0.27976567}
  m_LocalEulerAnglesHint: {x: -32.2014, y: 0, z: 0}
  m_Children: []
  m_Father: {fileID: 0}
  m_RootOrder: 16
--- !u!1001 &826734527
Prefab:
  m_ObjectHideFlags: 0
  serializedVersion: 2
  m_Modification:
    m_TransformParent: {fileID: 0}
    m_Modifications:
    - target: {fileID: 419792, guid: dbc4305bcbe70445b968bc3bf399afe5, type: 2}
      propertyPath: m_LocalPosition.x
      value: 15.45
      objectReference: {fileID: 0}
    - target: {fileID: 419792, guid: dbc4305bcbe70445b968bc3bf399afe5, type: 2}
      propertyPath: m_LocalPosition.y
      value: 13.71
      objectReference: {fileID: 0}
    - target: {fileID: 419792, guid: dbc4305bcbe70445b968bc3bf399afe5, type: 2}
      propertyPath: m_LocalPosition.z
      value: -19.9
      objectReference: {fileID: 0}
    - target: {fileID: 419792, guid: dbc4305bcbe70445b968bc3bf399afe5, type: 2}
      propertyPath: m_LocalRotation.x
      value: 0
      objectReference: {fileID: 0}
    - target: {fileID: 419792, guid: dbc4305bcbe70445b968bc3bf399afe5, type: 2}
      propertyPath: m_LocalRotation.y
      value: 0
      objectReference: {fileID: 0}
    - target: {fileID: 419792, guid: dbc4305bcbe70445b968bc3bf399afe5, type: 2}
      propertyPath: m_LocalRotation.z
      value: 0
      objectReference: {fileID: 0}
    - target: {fileID: 419792, guid: dbc4305bcbe70445b968bc3bf399afe5, type: 2}
      propertyPath: m_LocalRotation.w
      value: 1
      objectReference: {fileID: 0}
    - target: {fileID: 419792, guid: dbc4305bcbe70445b968bc3bf399afe5, type: 2}
      propertyPath: m_RootOrder
      value: 7
      objectReference: {fileID: 0}
    - target: {fileID: 194340, guid: dbc4305bcbe70445b968bc3bf399afe5, type: 2}
      propertyPath: m_IsActive
      value: 0
      objectReference: {fileID: 0}
    m_RemovedComponents: []
  m_ParentPrefab: {fileID: 100100000, guid: dbc4305bcbe70445b968bc3bf399afe5, type: 2}
  m_RootGameObject: {fileID: 1346787787}
  m_IsPrefabParent: 0
--- !u!1 &856516475
GameObject:
  m_ObjectHideFlags: 0
  m_PrefabParentObject: {fileID: 0}
  m_PrefabInternal: {fileID: 0}
  serializedVersion: 4
  m_Component:
  - 4: {fileID: 856516477}
  - 108: {fileID: 856516476}
  m_Layer: 0
  m_Name: Directional Light
  m_TagString: Untagged
  m_Icon: {fileID: 0}
  m_NavMeshLayer: 0
  m_StaticEditorFlags: 0
  m_IsActive: 1
--- !u!108 &856516476
Light:
  m_ObjectHideFlags: 0
  m_PrefabParentObject: {fileID: 0}
  m_PrefabInternal: {fileID: 0}
  m_GameObject: {fileID: 856516475}
  m_Enabled: 1
  serializedVersion: 7
  m_Type: 1
  m_Color: {r: 1, g: 0.95686275, b: 0.8392157, a: 1}
  m_Intensity: 1
  m_Range: 10
  m_SpotAngle: 30
  m_CookieSize: 10
  m_Shadows:
    m_Type: 2
    m_Resolution: -1
    m_CustomResolution: -1
    m_Strength: 1
    m_Bias: 0.05
    m_NormalBias: 0.4
    m_NearPlane: 0.2
  m_Cookie: {fileID: 0}
  m_DrawHalo: 0
  m_Flare: {fileID: 0}
  m_RenderMode: 0
  m_CullingMask:
    serializedVersion: 2
    m_Bits: 4294967295
  m_Lightmapping: 4
  m_AreaSize: {x: 1, y: 1}
  m_BounceIntensity: 1
  m_ShadowRadius: 0
  m_ShadowAngle: 0
--- !u!4 &856516477
Transform:
  m_ObjectHideFlags: 0
  m_PrefabParentObject: {fileID: 0}
  m_PrefabInternal: {fileID: 0}
  m_GameObject: {fileID: 856516475}
  m_LocalRotation: {x: 0.3344532, y: 0.55404407, z: -0.25835502, w: 0.7172371}
  m_LocalPosition: {x: 0, y: 12.6, z: 0}
  m_LocalScale: {x: 1, y: 1, z: 1}
  m_LocalEulerAnglesHint: {x: 50, y: 75.369995, z: 0}
  m_Children: []
  m_Father: {fileID: 0}
  m_RootOrder: 1
--- !u!1 &958778325
GameObject:
  m_ObjectHideFlags: 0
  m_PrefabParentObject: {fileID: 0}
  m_PrefabInternal: {fileID: 0}
  serializedVersion: 4
  m_Component:
  - 224: {fileID: 958778326}
  - 222: {fileID: 958778328}
  - 114: {fileID: 958778327}
  m_Layer: 5
  m_Name: Line
  m_TagString: Untagged
  m_Icon: {fileID: 0}
  m_NavMeshLayer: 0
  m_StaticEditorFlags: 0
  m_IsActive: 1
--- !u!224 &958778326
RectTransform:
  m_ObjectHideFlags: 0
  m_PrefabParentObject: {fileID: 0}
  m_PrefabInternal: {fileID: 0}
  m_GameObject: {fileID: 958778325}
  m_LocalRotation: {x: 0, y: 0, z: 0, w: 1}
  m_LocalPosition: {x: 0, y: 0, z: 0}
  m_LocalScale: {x: 1, y: 1, z: 1}
  m_LocalEulerAnglesHint: {x: 0, y: 0, z: 0}
  m_Children: []
  m_Father: {fileID: 1728082797}
  m_RootOrder: 0
  m_AnchorMin: {x: 0, y: 0}
  m_AnchorMax: {x: 0, y: 0}
  m_AnchoredPosition: {x: 0, y: 0}
  m_SizeDelta: {x: 0, y: 0}
  m_Pivot: {x: 0, y: 0}
--- !u!114 &958778327
MonoBehaviour:
  m_ObjectHideFlags: 0
  m_PrefabParentObject: {fileID: 0}
  m_PrefabInternal: {fileID: 0}
  m_GameObject: {fileID: 958778325}
  m_Enabled: 1
  m_EditorHideFlags: 0
  m_Script: {fileID: -453220092, guid: 631a6eaf1134540a68ae412f9db0ede8, type: 3}
  m_Name: 
  m_EditorClassIdentifier: 
  m_Material: {fileID: 0}
  m_Color: {r: 1, g: 1, b: 1, a: 1}
  m_RaycastTarget: 1
  m_OnCullStateChanged:
    m_PersistentCalls:
      m_Calls: []
    m_TypeName: UnityEngine.UI.MaskableGraphic+CullStateChangedEvent, UnityEngine.UI,
      Version=1.0.0.0, Culture=neutral, PublicKeyToken=null
  m_Texture: {fileID: 0}
  m_UVRect:
    serializedVersion: 2
    x: 0
    y: 0
    width: 1
    height: 1
  vectorLine:
    m_lineVertices:
    - {x: 256.50006, y: 320.99194, z: 0}
    - {x: 254.46066, y: 447.77988, z: 0}
    - {x: 255.46054, y: 447.796, z: 0}
    - {x: 257.49994, y: 321.00806, z: 0}
    m_lineUVs:
    - {x: 0, y: 1}
    - {x: 1, y: 1}
    - {x: 1, y: 0}
    - {x: 0, y: 0}
    m_lineColors:
    - serializedVersion: 2
      rgba: 4278190080
    - serializedVersion: 2
      rgba: 4278190080
    - serializedVersion: 2
      rgba: 4278190080
    - serializedVersion: 2
      rgba: 4278190080
    m_lineTriangles: 000000000100000003000000010000000200000003000000
    m_vertexCount: 4
    m_go: {fileID: 958778325}
    m_rectTransform: {fileID: 958778326}
    m_color:
      serializedVersion: 2
      rgba: 4278190080
    m_canvasState: 1
    m_is2D: 1
    m_points2:
    - {x: 257, y: 321}
    - {x: 254.9606, y: 447.78793}
    m_points3: []
    m_pointsCount: 2
    m_screenPoints: []
    m_lineWidths:
    - 0.5
    - 0.5
    m_lineWidth: 1
    m_maxWeldDistance: 4
    m_distances: []
    m_name: Line
    m_material: {fileID: 0}
    m_originalTexture: {fileID: 0}
    m_texture: {fileID: 0}
    m_active: 1
    m_lineType: 0
    m_capLength: 0
    m_smoothWidth: 1
    m_smoothColor: 0
    m_joins: 2
    m_isAutoDrawing: 0
    m_drawStart: 0
    m_drawEnd: 1
    m_endPointsUpdate: 0
    m_useNormals: 0
    m_useTangents: 0
    m_normalsCalculated: 0
    m_tangentsCalculated: 0
    m_capType: 4
    m_endCap: 
    m_useCapColors: 0
    m_frontColor:
      serializedVersion: 2
      rgba: 0
    m_backColor:
      serializedVersion: 2
      rgba: 0
    m_lineUVBottom: 0
    m_lineUVTop: 1
    m_frontCapUVBottom: 0
    m_frontCapUVTop: 0
    m_backCapUVBottom: 0
    m_backCapUVTop: 0
    m_continuousTexture: 0
    m_drawTransform: {fileID: 0}
    m_viewportDraw: 0
    m_textureScale: 0
    m_useTextureScale: 0
    m_textureOffset: 0
    m_useMatrix: 0
    m_matrix:
      e00: 0
      e01: 0
      e02: 0
      e03: 0
      e10: 0
      e11: 0
      e12: 0
      e13: 0
      e20: 0
      e21: 0
      e22: 0
      e23: 0
      e30: 0
      e31: 0
      e32: 0
      e33: 0
    m_collider: 0
    m_trigger: 0
    m_physicsMaterial: {fileID: 0}
    m_alignOddWidthToPixels: 0
--- !u!222 &958778328
CanvasRenderer:
  m_ObjectHideFlags: 0
  m_PrefabParentObject: {fileID: 0}
  m_PrefabInternal: {fileID: 0}
  m_GameObject: {fileID: 958778325}
--- !u!1 &966229595
GameObject:
  m_ObjectHideFlags: 0
  m_PrefabParentObject: {fileID: 1000013654821550, guid: 7f706b51a773a471a817775a6d26b3be,
    type: 2}
  m_PrefabInternal: {fileID: 1263437043}
  serializedVersion: 4
  m_Component:
  - 4: {fileID: 966229596}
  - 33: {fileID: 966229598}
  - 23: {fileID: 966229597}
  m_Layer: 0
  m_Name: Mesh1
  m_TagString: Untagged
  m_Icon: {fileID: 0}
  m_NavMeshLayer: 0
  m_StaticEditorFlags: 0
  m_IsActive: 1
--- !u!4 &966229596
Transform:
  m_ObjectHideFlags: 0
  m_PrefabParentObject: {fileID: 4000011480345624, guid: 7f706b51a773a471a817775a6d26b3be,
    type: 2}
  m_PrefabInternal: {fileID: 1263437043}
  m_GameObject: {fileID: 966229595}
  m_LocalRotation: {x: 0, y: -0, z: -0, w: 1}
  m_LocalPosition: {x: -0, y: 0, z: 0}
  m_LocalScale: {x: 1, y: 1, z: 1}
  m_LocalEulerAnglesHint: {x: 0, y: 0, z: 0}
  m_Children: []
  m_Father: {fileID: 1916643603}
  m_RootOrder: 0
--- !u!23 &966229597
MeshRenderer:
  m_ObjectHideFlags: 0
  m_PrefabParentObject: {fileID: 23000012865347720, guid: 7f706b51a773a471a817775a6d26b3be,
    type: 2}
  m_PrefabInternal: {fileID: 1263437043}
  m_GameObject: {fileID: 966229595}
  m_Enabled: 1
  m_CastShadows: 1
  m_ReceiveShadows: 1
  m_MotionVectors: 1
  m_LightProbeUsage: 1
  m_ReflectionProbeUsage: 1
  m_Materials:
  - {fileID: 2100000, guid: 759a0f1b609d94c4593e6e468dcde1d0, type: 2}
  - {fileID: 2100000, guid: 3b02bb45a942b4fb2a5249f8274731bd, type: 2}
  - {fileID: 2100000, guid: 73b2254f9c77544d9a9b2d8b0714dc2b, type: 2}
  - {fileID: 2100000, guid: ba93d3d866c86477b8af2917476678e4, type: 2}
  - {fileID: 2100000, guid: d64265af78e3e4df08cdefcd2ac4d351, type: 2}
  - {fileID: 2100000, guid: 719421a1b113f48f09ed1ee4e8c5c9a2, type: 2}
  m_SubsetIndices: 
  m_StaticBatchRoot: {fileID: 0}
  m_ProbeAnchor: {fileID: 0}
  m_LightProbeVolumeOverride: {fileID: 0}
  m_ScaleInLightmap: 1
  m_PreserveUVs: 0
  m_IgnoreNormalsForChartDetection: 0
  m_ImportantGI: 0
  m_SelectedWireframeHidden: 0
  m_MinimumChartSize: 4
  m_AutoUVMaxDistance: 0.5
  m_AutoUVMaxAngle: 89
  m_LightmapParameters: {fileID: 0}
  m_SortingLayerID: 0
  m_SortingOrder: 0
--- !u!33 &966229598
MeshFilter:
  m_ObjectHideFlags: 0
  m_PrefabParentObject: {fileID: 33000010954247874, guid: 7f706b51a773a471a817775a6d26b3be,
    type: 2}
  m_PrefabInternal: {fileID: 1263437043}
  m_GameObject: {fileID: 966229595}
  m_Mesh: {fileID: 4300000, guid: 8a049aa6ccc5841b99b75a02cca527b5, type: 3}
--- !u!1 &1002863196
GameObject:
  m_ObjectHideFlags: 0
  m_PrefabParentObject: {fileID: 0}
  m_PrefabInternal: {fileID: 0}
  serializedVersion: 4
  m_Component:
  - 4: {fileID: 1002863200}
  - 33: {fileID: 1002863199}
  - 136: {fileID: 1002863198}
  - 23: {fileID: 1002863197}
  m_Layer: 0
  m_Name: Capsule (1)
  m_TagString: Untagged
  m_Icon: {fileID: 0}
  m_NavMeshLayer: 0
  m_StaticEditorFlags: 0
  m_IsActive: 0
--- !u!23 &1002863197
MeshRenderer:
  m_ObjectHideFlags: 0
  m_PrefabParentObject: {fileID: 0}
  m_PrefabInternal: {fileID: 0}
  m_GameObject: {fileID: 1002863196}
  m_Enabled: 1
  m_CastShadows: 1
  m_ReceiveShadows: 1
  m_MotionVectors: 1
  m_LightProbeUsage: 1
  m_ReflectionProbeUsage: 1
  m_Materials:
  - {fileID: 2100000, guid: c63ba720eab304bfba35f9df15a2bde7, type: 2}
  m_SubsetIndices: 
  m_StaticBatchRoot: {fileID: 0}
  m_ProbeAnchor: {fileID: 0}
  m_LightProbeVolumeOverride: {fileID: 0}
  m_ScaleInLightmap: 1
  m_PreserveUVs: 1
  m_IgnoreNormalsForChartDetection: 0
  m_ImportantGI: 0
  m_SelectedWireframeHidden: 0
  m_MinimumChartSize: 4
  m_AutoUVMaxDistance: 0.5
  m_AutoUVMaxAngle: 89
  m_LightmapParameters: {fileID: 0}
  m_SortingLayerID: 0
  m_SortingOrder: 0
--- !u!136 &1002863198
CapsuleCollider:
  m_ObjectHideFlags: 0
  m_PrefabParentObject: {fileID: 0}
  m_PrefabInternal: {fileID: 0}
  m_GameObject: {fileID: 1002863196}
  m_Material: {fileID: 13400000, guid: f49a1c154f8e9406b8c12cb2d9a32e2c, type: 2}
  m_IsTrigger: 0
  m_Enabled: 1
  m_Radius: 0.5
  m_Height: 2
  m_Direction: 1
  m_Center: {x: 0, y: 0, z: 0}
--- !u!33 &1002863199
MeshFilter:
  m_ObjectHideFlags: 0
  m_PrefabParentObject: {fileID: 0}
  m_PrefabInternal: {fileID: 0}
  m_GameObject: {fileID: 1002863196}
  m_Mesh: {fileID: 10208, guid: 0000000000000000e000000000000000, type: 0}
--- !u!4 &1002863200
Transform:
  m_ObjectHideFlags: 0
  m_PrefabParentObject: {fileID: 0}
  m_PrefabInternal: {fileID: 0}
  m_GameObject: {fileID: 1002863196}
  m_LocalRotation: {x: -0.2773258, y: 0, z: 0, w: 0.960776}
  m_LocalPosition: {x: -6.2, y: 0.09, z: -6.75}
  m_LocalScale: {x: 0.27976567, y: 13.681361, z: 0.27976567}
  m_LocalEulerAnglesHint: {x: -32.2014, y: 0, z: 0}
  m_Children: []
  m_Father: {fileID: 0}
  m_RootOrder: 10
--- !u!1 &1028821434
GameObject:
  m_ObjectHideFlags: 0
  m_PrefabParentObject: {fileID: 185208, guid: 7f706b51a773a471a817775a6d26b3be, type: 2}
  m_PrefabInternal: {fileID: 1263437043}
  serializedVersion: 4
  m_Component:
  - 4: {fileID: 1028821435}
  - 33: {fileID: 1028821438}
  - 23: {fileID: 1028821437}
  - 65: {fileID: 1028821436}
  m_Layer: 0
  m_Name: collider
  m_TagString: Untagged
  m_Icon: {fileID: 0}
  m_NavMeshLayer: 0
  m_StaticEditorFlags: 0
  m_IsActive: 1
--- !u!4 &1028821435
Transform:
  m_ObjectHideFlags: 0
  m_PrefabParentObject: {fileID: 444728, guid: 7f706b51a773a471a817775a6d26b3be, type: 2}
  m_PrefabInternal: {fileID: 1263437043}
  m_GameObject: {fileID: 1028821434}
  m_LocalRotation: {x: -0, y: -1, z: -0, w: 0}
  m_LocalPosition: {x: 0.08300001, y: 0.15399997, z: -0.22500001}
  m_LocalScale: {x: 0.4, y: 0.4, z: 0.4}
  m_LocalEulerAnglesHint: {x: 0, y: 0, z: 0}
  m_Children: []
  m_Father: {fileID: 1829152874}
  m_RootOrder: 1
--- !u!65 &1028821436
BoxCollider:
  m_ObjectHideFlags: 0
  m_PrefabParentObject: {fileID: 6583846, guid: 7f706b51a773a471a817775a6d26b3be,
    type: 2}
  m_PrefabInternal: {fileID: 1263437043}
  m_GameObject: {fileID: 1028821434}
  m_Material: {fileID: 13400000, guid: 9c4fb5af67305412488a9ee750502f68, type: 2}
  m_IsTrigger: 0
  m_Enabled: 1
  serializedVersion: 2
  m_Size: {x: 0.45, y: 0.73, z: 1.07}
  m_Center: {x: 0, y: 0, z: 0}
--- !u!23 &1028821437
MeshRenderer:
  m_ObjectHideFlags: 0
  m_PrefabParentObject: {fileID: 2322918, guid: 7f706b51a773a471a817775a6d26b3be,
    type: 2}
  m_PrefabInternal: {fileID: 1263437043}
  m_GameObject: {fileID: 1028821434}
  m_Enabled: 0
  m_CastShadows: 1
  m_ReceiveShadows: 1
  m_MotionVectors: 1
  m_LightProbeUsage: 1
  m_ReflectionProbeUsage: 1
  m_Materials:
  - {fileID: 2100000, guid: c63ba720eab304bfba35f9df15a2bde7, type: 2}
  m_SubsetIndices: 
  m_StaticBatchRoot: {fileID: 0}
  m_ProbeAnchor: {fileID: 0}
  m_LightProbeVolumeOverride: {fileID: 0}
  m_ScaleInLightmap: 1
  m_PreserveUVs: 1
  m_IgnoreNormalsForChartDetection: 0
  m_ImportantGI: 0
  m_SelectedWireframeHidden: 0
  m_MinimumChartSize: 4
  m_AutoUVMaxDistance: 0.5
  m_AutoUVMaxAngle: 89
  m_LightmapParameters: {fileID: 0}
  m_SortingLayerID: 0
  m_SortingOrder: 0
--- !u!33 &1028821438
MeshFilter:
  m_ObjectHideFlags: 0
  m_PrefabParentObject: {fileID: 3305500, guid: 7f706b51a773a471a817775a6d26b3be,
    type: 2}
  m_PrefabInternal: {fileID: 1263437043}
  m_GameObject: {fileID: 1028821434}
  m_Mesh: {fileID: 10202, guid: 0000000000000000e000000000000000, type: 0}
--- !u!1 &1073477608
GameObject:
  m_ObjectHideFlags: 0
  m_PrefabParentObject: {fileID: 0}
  m_PrefabInternal: {fileID: 0}
  serializedVersion: 4
  m_Component:
  - 4: {fileID: 1073477612}
  - 33: {fileID: 1073477611}
  - 136: {fileID: 1073477610}
  - 23: {fileID: 1073477609}
  m_Layer: 0
  m_Name: Capsule
  m_TagString: Untagged
  m_Icon: {fileID: 0}
  m_NavMeshLayer: 0
  m_StaticEditorFlags: 0
  m_IsActive: 0
--- !u!23 &1073477609
MeshRenderer:
  m_ObjectHideFlags: 0
  m_PrefabParentObject: {fileID: 0}
  m_PrefabInternal: {fileID: 0}
  m_GameObject: {fileID: 1073477608}
  m_Enabled: 1
  m_CastShadows: 1
  m_ReceiveShadows: 1
  m_MotionVectors: 1
  m_LightProbeUsage: 1
  m_ReflectionProbeUsage: 1
  m_Materials:
  - {fileID: 2100000, guid: c63ba720eab304bfba35f9df15a2bde7, type: 2}
  m_SubsetIndices: 
  m_StaticBatchRoot: {fileID: 0}
  m_ProbeAnchor: {fileID: 0}
  m_LightProbeVolumeOverride: {fileID: 0}
  m_ScaleInLightmap: 1
  m_PreserveUVs: 1
  m_IgnoreNormalsForChartDetection: 0
  m_ImportantGI: 0
  m_SelectedWireframeHidden: 0
  m_MinimumChartSize: 4
  m_AutoUVMaxDistance: 0.5
  m_AutoUVMaxAngle: 89
  m_LightmapParameters: {fileID: 0}
  m_SortingLayerID: 0
  m_SortingOrder: 0
--- !u!136 &1073477610
CapsuleCollider:
  m_ObjectHideFlags: 0
  m_PrefabParentObject: {fileID: 0}
  m_PrefabInternal: {fileID: 0}
  m_GameObject: {fileID: 1073477608}
  m_Material: {fileID: 13400000, guid: f49a1c154f8e9406b8c12cb2d9a32e2c, type: 2}
  m_IsTrigger: 0
  m_Enabled: 1
  m_Radius: 0.5
  m_Height: 2
  m_Direction: 1
  m_Center: {x: 0, y: 0, z: 0}
--- !u!33 &1073477611
MeshFilter:
  m_ObjectHideFlags: 0
  m_PrefabParentObject: {fileID: 0}
  m_PrefabInternal: {fileID: 0}
  m_GameObject: {fileID: 1073477608}
  m_Mesh: {fileID: 10208, guid: 0000000000000000e000000000000000, type: 0}
--- !u!4 &1073477612
Transform:
  m_ObjectHideFlags: 0
  m_PrefabParentObject: {fileID: 0}
  m_PrefabInternal: {fileID: 0}
  m_GameObject: {fileID: 1073477608}
  m_LocalRotation: {x: -0.2773258, y: 0, z: 0, w: 0.960776}
  m_LocalPosition: {x: -0.6796875, y: 0.09, z: 2.66}
  m_LocalScale: {x: 0.27976567, y: 13.681361, z: 0.27976567}
  m_LocalEulerAnglesHint: {x: -32.2014, y: 0, z: 0}
  m_Children: []
  m_Father: {fileID: 0}
  m_RootOrder: 9
--- !u!1 &1156590386
GameObject:
  m_ObjectHideFlags: 0
  m_PrefabParentObject: {fileID: 1000013035492056, guid: 7f706b51a773a471a817775a6d26b3be,
    type: 2}
  m_PrefabInternal: {fileID: 1263437043}
  serializedVersion: 4
  m_Component:
  - 4: {fileID: 1156590387}
  - 33: {fileID: 1156590389}
  - 23: {fileID: 1156590388}
  m_Layer: 0
  m_Name: Mesh1
  m_TagString: Untagged
  m_Icon: {fileID: 0}
  m_NavMeshLayer: 0
  m_StaticEditorFlags: 0
  m_IsActive: 1
--- !u!4 &1156590387
Transform:
  m_ObjectHideFlags: 0
  m_PrefabParentObject: {fileID: 4000011219466016, guid: 7f706b51a773a471a817775a6d26b3be,
    type: 2}
  m_PrefabInternal: {fileID: 1263437043}
  m_GameObject: {fileID: 1156590386}
  m_LocalRotation: {x: 0, y: -0, z: -0, w: 1}
  m_LocalPosition: {x: -0, y: 0, z: 0}
  m_LocalScale: {x: 1, y: 1, z: 1}
  m_LocalEulerAnglesHint: {x: 0, y: 0, z: 0}
  m_Children: []
  m_Father: {fileID: 1175973970}
  m_RootOrder: 0
--- !u!23 &1156590388
MeshRenderer:
  m_ObjectHideFlags: 0
  m_PrefabParentObject: {fileID: 23000011061283636, guid: 7f706b51a773a471a817775a6d26b3be,
    type: 2}
  m_PrefabInternal: {fileID: 1263437043}
  m_GameObject: {fileID: 1156590386}
  m_Enabled: 1
  m_CastShadows: 1
  m_ReceiveShadows: 1
  m_MotionVectors: 1
  m_LightProbeUsage: 1
  m_ReflectionProbeUsage: 1
  m_Materials:
  - {fileID: 2100000, guid: 3b02bb45a942b4fb2a5249f8274731bd, type: 2}
  - {fileID: 2100000, guid: 3b02bb45a942b4fb2a5249f8274731bd, type: 2}
  m_SubsetIndices: 
  m_StaticBatchRoot: {fileID: 0}
  m_ProbeAnchor: {fileID: 0}
  m_LightProbeVolumeOverride: {fileID: 0}
  m_ScaleInLightmap: 1
  m_PreserveUVs: 0
  m_IgnoreNormalsForChartDetection: 0
  m_ImportantGI: 0
  m_SelectedWireframeHidden: 0
  m_MinimumChartSize: 4
  m_AutoUVMaxDistance: 0.5
  m_AutoUVMaxAngle: 89
  m_LightmapParameters: {fileID: 0}
  m_SortingLayerID: 0
  m_SortingOrder: 0
--- !u!33 &1156590389
MeshFilter:
  m_ObjectHideFlags: 0
  m_PrefabParentObject: {fileID: 33000012686477938, guid: 7f706b51a773a471a817775a6d26b3be,
    type: 2}
  m_PrefabInternal: {fileID: 1263437043}
  m_GameObject: {fileID: 1156590386}
  m_Mesh: {fileID: 4300000, guid: 9b9fdfbd1dce34ba9b5f4b53981477f6, type: 3}
--- !u!1 &1175973969
GameObject:
  m_ObjectHideFlags: 0
  m_PrefabParentObject: {fileID: 1000012479098478, guid: 7f706b51a773a471a817775a6d26b3be,
    type: 2}
  m_PrefabInternal: {fileID: 1263437043}
  serializedVersion: 4
  m_Component:
  - 4: {fileID: 1175973970}
  m_Layer: 0
  m_Name: F2245___Camera__HD1
  m_TagString: Untagged
  m_Icon: {fileID: 0}
  m_NavMeshLayer: 0
  m_StaticEditorFlags: 0
  m_IsActive: 1
--- !u!4 &1175973970
Transform:
  m_ObjectHideFlags: 0
  m_PrefabParentObject: {fileID: 4000010976706994, guid: 7f706b51a773a471a817775a6d26b3be,
    type: 2}
  m_PrefabInternal: {fileID: 1263437043}
  m_GameObject: {fileID: 1175973969}
  m_LocalRotation: {x: 0, y: -0, z: -0, w: 1}
  m_LocalPosition: {x: -0, y: 0, z: 0}
  m_LocalScale: {x: 1, y: 1, z: 1}
  m_LocalEulerAnglesHint: {x: 0, y: 0, z: 0}
  m_Children:
  - {fileID: 1156590387}
  m_Father: {fileID: 1509799097}
  m_RootOrder: 0
--- !u!1001 &1263437043
Prefab:
  m_ObjectHideFlags: 0
  serializedVersion: 2
  m_Modification:
    m_TransformParent: {fileID: 0}
    m_Modifications:
    - target: {fileID: 425790, guid: 7f706b51a773a471a817775a6d26b3be, type: 2}
      propertyPath: m_LocalPosition.x
      value: 3.06
      objectReference: {fileID: 0}
    - target: {fileID: 425790, guid: 7f706b51a773a471a817775a6d26b3be, type: 2}
      propertyPath: m_LocalPosition.y
      value: 2.3
      objectReference: {fileID: 0}
    - target: {fileID: 425790, guid: 7f706b51a773a471a817775a6d26b3be, type: 2}
      propertyPath: m_LocalPosition.z
      value: 0
      objectReference: {fileID: 0}
    - target: {fileID: 425790, guid: 7f706b51a773a471a817775a6d26b3be, type: 2}
      propertyPath: m_LocalRotation.x
      value: 0
      objectReference: {fileID: 0}
    - target: {fileID: 425790, guid: 7f706b51a773a471a817775a6d26b3be, type: 2}
      propertyPath: m_LocalRotation.y
      value: 0
      objectReference: {fileID: 0}
    - target: {fileID: 425790, guid: 7f706b51a773a471a817775a6d26b3be, type: 2}
      propertyPath: m_LocalRotation.z
      value: 0
      objectReference: {fileID: 0}
    - target: {fileID: 425790, guid: 7f706b51a773a471a817775a6d26b3be, type: 2}
      propertyPath: m_LocalRotation.w
      value: 1
      objectReference: {fileID: 0}
    - target: {fileID: 425790, guid: 7f706b51a773a471a817775a6d26b3be, type: 2}
      propertyPath: m_RootOrder
      value: 6
      objectReference: {fileID: 0}
    - target: {fileID: 182212, guid: 7f706b51a773a471a817775a6d26b3be, type: 2}
      propertyPath: m_IsActive
      value: 0
      objectReference: {fileID: 0}
    m_RemovedComponents: []
  m_ParentPrefab: {fileID: 100100000, guid: 7f706b51a773a471a817775a6d26b3be, type: 2}
  m_RootGameObject: {fileID: 1597510551}
  m_IsPrefabParent: 0
--- !u!1 &1267246343
GameObject:
  m_ObjectHideFlags: 0
  m_PrefabParentObject: {fileID: 0}
  m_PrefabInternal: {fileID: 0}
  serializedVersion: 4
  m_Component:
  - 4: {fileID: 1267246344}
  - 114: {fileID: 1267246345}
  m_Layer: 0
  m_Name: MonitorTube
  m_TagString: Untagged
  m_Icon: {fileID: 0}
  m_NavMeshLayer: 0
  m_StaticEditorFlags: 0
  m_IsActive: 0
--- !u!4 &1267246344
Transform:
  m_ObjectHideFlags: 0
  m_PrefabParentObject: {fileID: 0}
  m_PrefabInternal: {fileID: 0}
  m_GameObject: {fileID: 1267246343}
  m_LocalRotation: {x: 0, y: 0, z: 0, w: 1}
  m_LocalPosition: {x: 0, y: 0, z: 0}
  m_LocalScale: {x: 1, y: 1, z: 1}
  m_LocalEulerAnglesHint: {x: 0, y: 0, z: 0}
  m_Children: []
  m_Father: {fileID: 412164731}
  m_RootOrder: 0
--- !u!114 &1267246345
MonoBehaviour:
  m_ObjectHideFlags: 0
  m_PrefabParentObject: {fileID: 0}
  m_PrefabInternal: {fileID: 0}
  m_GameObject: {fileID: 1267246343}
  m_Enabled: 1
  m_EditorHideFlags: 0
  m_Script: {fileID: 11500000, guid: 885b04be2101d4959a14b85346d469f8, type: 3}
  m_Name: 
  m_EditorClassIdentifier: 
  monitorPrefab: {fileID: 0}
  nDivisions: 16
--- !u!1 &1319955314
GameObject:
  m_ObjectHideFlags: 0
  m_PrefabParentObject: {fileID: 0}
  m_PrefabInternal: {fileID: 0}
  serializedVersion: 4
  m_Component:
  - 4: {fileID: 1319955315}
  m_Layer: 0
  m_Name: SpawnPt
  m_TagString: Untagged
  m_Icon: {fileID: 0}
  m_NavMeshLayer: 0
  m_StaticEditorFlags: 0
  m_IsActive: 1
--- !u!4 &1319955315
Transform:
  m_ObjectHideFlags: 0
  m_PrefabParentObject: {fileID: 0}
  m_PrefabInternal: {fileID: 0}
  m_GameObject: {fileID: 1319955314}
  m_LocalRotation: {x: 0, y: 0, z: 0, w: 1}
  m_LocalPosition: {x: 0, y: 0, z: 4.923606}
  m_LocalScale: {x: 1, y: 1, z: 1}
  m_LocalEulerAnglesHint: {x: 0, y: 0, z: 0}
  m_Children: []
  m_Father: {fileID: 287656276}
  m_RootOrder: 2
--- !u!1 &1335891496
GameObject:
  m_ObjectHideFlags: 0
  m_PrefabParentObject: {fileID: 0}
  m_PrefabInternal: {fileID: 0}
  serializedVersion: 4
  m_Component:
  - 4: {fileID: 1335891500}
  - 33: {fileID: 1335891499}
  - 65: {fileID: 1335891498}
  - 23: {fileID: 1335891497}
  - 54: {fileID: 1335891501}
  m_Layer: 0
  m_Name: Floor
  m_TagString: Untagged
  m_Icon: {fileID: 0}
  m_NavMeshLayer: 0
  m_StaticEditorFlags: 0
  m_IsActive: 1
--- !u!23 &1335891497
MeshRenderer:
  m_ObjectHideFlags: 0
  m_PrefabParentObject: {fileID: 0}
  m_PrefabInternal: {fileID: 0}
  m_GameObject: {fileID: 1335891496}
  m_Enabled: 1
  m_CastShadows: 1
  m_ReceiveShadows: 1
  m_MotionVectors: 1
  m_LightProbeUsage: 1
  m_ReflectionProbeUsage: 1
  m_Materials:
  - {fileID: 2100000, guid: 86ab4984d287b47e6a58ee4a368a8d14, type: 2}
  m_SubsetIndices: 
  m_StaticBatchRoot: {fileID: 0}
  m_ProbeAnchor: {fileID: 0}
  m_LightProbeVolumeOverride: {fileID: 0}
  m_ScaleInLightmap: 1
  m_PreserveUVs: 1
  m_IgnoreNormalsForChartDetection: 0
  m_ImportantGI: 0
  m_SelectedWireframeHidden: 0
  m_MinimumChartSize: 4
  m_AutoUVMaxDistance: 0.5
  m_AutoUVMaxAngle: 89
  m_LightmapParameters: {fileID: 0}
  m_SortingLayerID: 0
  m_SortingOrder: 0
--- !u!65 &1335891498
BoxCollider:
  m_ObjectHideFlags: 0
  m_PrefabParentObject: {fileID: 0}
  m_PrefabInternal: {fileID: 0}
  m_GameObject: {fileID: 1335891496}
  m_Material: {fileID: 13400000, guid: f49a1c154f8e9406b8c12cb2d9a32e2c, type: 2}
  m_IsTrigger: 0
  m_Enabled: 1
  serializedVersion: 2
  m_Size: {x: 1, y: 1, z: 1}
  m_Center: {x: 0, y: 0, z: 0}
--- !u!33 &1335891499
MeshFilter:
  m_ObjectHideFlags: 0
  m_PrefabParentObject: {fileID: 0}
  m_PrefabInternal: {fileID: 0}
  m_GameObject: {fileID: 1335891496}
  m_Mesh: {fileID: 10202, guid: 0000000000000000e000000000000000, type: 0}
--- !u!4 &1335891500
Transform:
  m_ObjectHideFlags: 0
  m_PrefabParentObject: {fileID: 0}
  m_PrefabInternal: {fileID: 0}
  m_GameObject: {fileID: 1335891496}
  m_LocalRotation: {x: 0, y: 0, z: 0, w: 1}
  m_LocalPosition: {x: 0.6796875, y: -5.9111586, z: 0.43360597}
  m_LocalScale: {x: 20, y: 1, z: 20}
  m_LocalEulerAnglesHint: {x: 0, y: 0, z: 0}
  m_Children: []
  m_Father: {fileID: 287656276}
  m_RootOrder: 4
--- !u!54 &1335891501
Rigidbody:
  m_ObjectHideFlags: 0
  m_PrefabParentObject: {fileID: 0}
  m_PrefabInternal: {fileID: 0}
  m_GameObject: {fileID: 1335891496}
  serializedVersion: 2
  m_Mass: 1
  m_Drag: 0
  m_AngularDrag: 0.05
  m_UseGravity: 0
  m_IsKinematic: 1
  m_Interpolate: 0
  m_Constraints: 0
  m_CollisionDetection: 0
--- !u!1 &1346787787
GameObject:
  m_ObjectHideFlags: 0
  m_PrefabParentObject: {fileID: 194340, guid: dbc4305bcbe70445b968bc3bf399afe5, type: 2}
  m_PrefabInternal: {fileID: 826734527}
  serializedVersion: 4
  m_Component:
  - 4: {fileID: 1346787790}
  - 114: {fileID: 1346787789}
  - 65: {fileID: 1346787788}
  m_Layer: 0
  m_Name: TubeMonitorMonitor
  m_TagString: Untagged
  m_Icon: {fileID: 0}
  m_NavMeshLayer: 0
  m_StaticEditorFlags: 0
  m_IsActive: 0
--- !u!65 &1346787788
BoxCollider:
  m_ObjectHideFlags: 0
  m_PrefabParentObject: {fileID: 6505358, guid: dbc4305bcbe70445b968bc3bf399afe5,
    type: 2}
  m_PrefabInternal: {fileID: 826734527}
  m_GameObject: {fileID: 1346787787}
  m_Material: {fileID: 0}
  m_IsTrigger: 0
  m_Enabled: 1
  serializedVersion: 2
  m_Size: {x: 1, y: 1, z: 0.1}
  m_Center: {x: 0, y: 0, z: 0}
--- !u!114 &1346787789
MonoBehaviour:
  m_ObjectHideFlags: 0
  m_PrefabParentObject: {fileID: 11498408, guid: dbc4305bcbe70445b968bc3bf399afe5,
    type: 2}
  m_PrefabInternal: {fileID: 826734527}
  m_GameObject: {fileID: 1346787787}
  m_Enabled: 1
  m_EditorHideFlags: 0
  m_Script: {fileID: 11500000, guid: 39eac6bd402bc491c94d9307b84cb8bc, type: 3}
  m_Name: 
  m_EditorClassIdentifier: 
  rt: {fileID: 0}
  worldLabelPrefab: {fileID: 110590, guid: 6089411d335504828bae72ac5318e365, type: 2}
--- !u!4 &1346787790
Transform:
  m_ObjectHideFlags: 0
  m_PrefabParentObject: {fileID: 419792, guid: dbc4305bcbe70445b968bc3bf399afe5, type: 2}
  m_PrefabInternal: {fileID: 826734527}
  m_GameObject: {fileID: 1346787787}
  m_LocalRotation: {x: 0, y: 0, z: 0, w: 1}
  m_LocalPosition: {x: 15.45, y: 13.71, z: -19.9}
  m_LocalScale: {x: 1, y: 1, z: 1}
  m_LocalEulerAnglesHint: {x: 0, y: 0, z: 0}
  m_Children:
  - {fileID: 283861323}
  - {fileID: 1963862515}
  m_Father: {fileID: 0}
  m_RootOrder: 7
--- !u!1 &1377263990
GameObject:
  m_ObjectHideFlags: 0
  m_PrefabParentObject: {fileID: 0}
  m_PrefabInternal: {fileID: 0}
  serializedVersion: 4
  m_Component:
  - 4: {fileID: 1377263995}
  - 20: {fileID: 1377263994}
  - 92: {fileID: 1377263993}
  - 124: {fileID: 1377263992}
  - 81: {fileID: 1377263991}
  - 114: {fileID: 1377263996}
  - 114: {fileID: 1377263998}
  m_Layer: 0
  m_Name: Main Camera
  m_TagString: MainCamera
  m_Icon: {fileID: 0}
  m_NavMeshLayer: 0
  m_StaticEditorFlags: 0
  m_IsActive: 1
--- !u!81 &1377263991
AudioListener:
  m_ObjectHideFlags: 0
  m_PrefabParentObject: {fileID: 0}
  m_PrefabInternal: {fileID: 0}
  m_GameObject: {fileID: 1377263990}
  m_Enabled: 1
--- !u!124 &1377263992
Behaviour:
  m_ObjectHideFlags: 0
  m_PrefabParentObject: {fileID: 0}
  m_PrefabInternal: {fileID: 0}
  m_GameObject: {fileID: 1377263990}
  m_Enabled: 1
--- !u!92 &1377263993
Behaviour:
  m_ObjectHideFlags: 0
  m_PrefabParentObject: {fileID: 0}
  m_PrefabInternal: {fileID: 0}
  m_GameObject: {fileID: 1377263990}
  m_Enabled: 1
--- !u!20 &1377263994
Camera:
  m_ObjectHideFlags: 0
  m_PrefabParentObject: {fileID: 0}
  m_PrefabInternal: {fileID: 0}
  m_GameObject: {fileID: 1377263990}
  m_Enabled: 1
  serializedVersion: 2
  m_ClearFlags: 2
  m_BackGroundColor: {r: 0.57964885, g: 0.6911765, b: 0.5031358, a: 0.019607844}
  m_NormalizedViewPortRect:
    serializedVersion: 2
    x: 0
    y: 0
    width: 1
    height: 1
  near clip plane: 0.01
  far clip plane: 500
  field of view: 60
  orthographic: 0
  orthographic size: 5
  m_Depth: 100
  m_CullingMask:
    serializedVersion: 2
    m_Bits: 4294967295
  m_RenderingPath: -1
  m_TargetTexture: {fileID: 0}
  m_TargetDisplay: 0
  m_TargetEye: 3
  m_HDR: 0
  m_OcclusionCulling: 1
  m_StereoConvergence: 10
  m_StereoSeparation: 0.022
  m_StereoMirrorMode: 0
--- !u!4 &1377263995
Transform:
  m_ObjectHideFlags: 0
  m_PrefabParentObject: {fileID: 0}
  m_PrefabInternal: {fileID: 0}
  m_GameObject: {fileID: 1377263990}
  m_LocalRotation: {x: 0.27866393, y: -0.2502189, z: 0.07545025, w: 0.92414516}
  m_LocalPosition: {x: 9.3, y: 16, z: -18.73}
  m_LocalScale: {x: 1, y: 1, z: 1}
  m_LocalEulerAnglesHint: {x: 33.559998, y: -30.3, z: 0}
  m_Children: []
  m_Father: {fileID: 0}
  m_RootOrder: 0
--- !u!114 &1377263996
MonoBehaviour:
  m_ObjectHideFlags: 0
  m_PrefabParentObject: {fileID: 0}
  m_PrefabInternal: {fileID: 0}
  m_GameObject: {fileID: 1377263990}
  m_Enabled: 1
  m_EditorHideFlags: 0
  m_Script: {fileID: 11500000, guid: 16186d47d59de457bb8f5987411165f6, type: 3}
  m_Name: 
  m_EditorClassIdentifier: 
--- !u!114 &1377263998
MonoBehaviour:
  m_ObjectHideFlags: 0
  m_PrefabParentObject: {fileID: 0}
  m_PrefabInternal: {fileID: 0}
  m_GameObject: {fileID: 1377263990}
  m_Enabled: 0
  m_EditorHideFlags: 0
  m_Script: {fileID: 11500000, guid: 6b0f0492e08434dc5b3ede9d5953efd0, type: 3}
  m_Name: 
  m_EditorClassIdentifier: 
  pseudoCamContainer: {fileID: 542797509}
--- !u!1 &1497823762
GameObject:
  m_ObjectHideFlags: 0
  m_PrefabParentObject: {fileID: 0}
  m_PrefabInternal: {fileID: 0}
  serializedVersion: 4
  m_Component:
  - 4: {fileID: 1497823766}
  - 33: {fileID: 1497823765}
  - 136: {fileID: 1497823764}
  - 23: {fileID: 1497823763}
  m_Layer: 0
  m_Name: Capsule (3)
  m_TagString: Untagged
  m_Icon: {fileID: 0}
  m_NavMeshLayer: 0
  m_StaticEditorFlags: 0
  m_IsActive: 0
--- !u!23 &1497823763
MeshRenderer:
  m_ObjectHideFlags: 0
  m_PrefabParentObject: {fileID: 0}
  m_PrefabInternal: {fileID: 0}
  m_GameObject: {fileID: 1497823762}
  m_Enabled: 1
  m_CastShadows: 1
  m_ReceiveShadows: 1
  m_MotionVectors: 1
  m_LightProbeUsage: 1
  m_ReflectionProbeUsage: 1
  m_Materials:
  - {fileID: 2100000, guid: c63ba720eab304bfba35f9df15a2bde7, type: 2}
  m_SubsetIndices: 
  m_StaticBatchRoot: {fileID: 0}
  m_ProbeAnchor: {fileID: 0}
  m_LightProbeVolumeOverride: {fileID: 0}
  m_ScaleInLightmap: 1
  m_PreserveUVs: 1
  m_IgnoreNormalsForChartDetection: 0
  m_ImportantGI: 0
  m_SelectedWireframeHidden: 0
  m_MinimumChartSize: 4
  m_AutoUVMaxDistance: 0.5
  m_AutoUVMaxAngle: 89
  m_LightmapParameters: {fileID: 0}
  m_SortingLayerID: 0
  m_SortingOrder: 0
--- !u!136 &1497823764
CapsuleCollider:
  m_ObjectHideFlags: 0
  m_PrefabParentObject: {fileID: 0}
  m_PrefabInternal: {fileID: 0}
  m_GameObject: {fileID: 1497823762}
  m_Material: {fileID: 13400000, guid: f49a1c154f8e9406b8c12cb2d9a32e2c, type: 2}
  m_IsTrigger: 0
  m_Enabled: 1
  m_Radius: 0.5
  m_Height: 2
  m_Direction: 1
  m_Center: {x: 0, y: 0, z: 0}
--- !u!33 &1497823765
MeshFilter:
  m_ObjectHideFlags: 0
  m_PrefabParentObject: {fileID: 0}
  m_PrefabInternal: {fileID: 0}
  m_GameObject: {fileID: 1497823762}
  m_Mesh: {fileID: 10208, guid: 0000000000000000e000000000000000, type: 0}
--- !u!4 &1497823766
Transform:
  m_ObjectHideFlags: 0
  m_PrefabParentObject: {fileID: 0}
  m_PrefabInternal: {fileID: 0}
  m_GameObject: {fileID: 1497823762}
  m_LocalRotation: {x: -0.2773258, y: 0, z: 0, w: 0.960776}
  m_LocalPosition: {x: 4.48, y: 0.09, z: -0.93}
  m_LocalScale: {x: 0.27976567, y: 13.681361, z: 0.27976567}
  m_LocalEulerAnglesHint: {x: -32.2014, y: 0, z: 0}
  m_Children: []
  m_Father: {fileID: 0}
  m_RootOrder: 12
--- !u!1 &1509799096
GameObject:
  m_ObjectHideFlags: 0
  m_PrefabParentObject: {fileID: 1000011697898468, guid: 7f706b51a773a471a817775a6d26b3be,
    type: 2}
  m_PrefabInternal: {fileID: 1263437043}
  serializedVersion: 4
  m_Component:
  - 4: {fileID: 1509799097}
  m_Layer: 0
  m_Name: F2245___Camera__HD_1_1
  m_TagString: Untagged
  m_Icon: {fileID: 0}
  m_NavMeshLayer: 0
  m_StaticEditorFlags: 0
  m_IsActive: 1
--- !u!4 &1509799097
Transform:
  m_ObjectHideFlags: 0
  m_PrefabParentObject: {fileID: 4000013675528784, guid: 7f706b51a773a471a817775a6d26b3be,
    type: 2}
  m_PrefabInternal: {fileID: 1263437043}
  m_GameObject: {fileID: 1509799096}
  m_LocalRotation: {x: 0, y: -0, z: -0, w: 1}
  m_LocalPosition: {x: -0, y: 0, z: 0}
  m_LocalScale: {x: 1, y: 1, z: 1}
  m_LocalEulerAnglesHint: {x: 0, y: 0, z: 0}
  m_Children:
  - {fileID: 1175973970}
  m_Father: {fileID: 23071247}
  m_RootOrder: 0
--- !u!1 &1597510551
GameObject:
  m_ObjectHideFlags: 0
  m_PrefabParentObject: {fileID: 182212, guid: 7f706b51a773a471a817775a6d26b3be, type: 2}
  m_PrefabInternal: {fileID: 1263437043}
  serializedVersion: 4
  m_Component:
  - 4: {fileID: 1597510557}
  - 54: {fileID: 1597510556}
  - 114: {fileID: 1597510555}
  - 114: {fileID: 1597510554}
  - 114: {fileID: 1597510553}
  - 23: {fileID: 1597510552}
  m_Layer: 0
  m_Name: ManyCamera
  m_TagString: Untagged
  m_Icon: {fileID: 0}
  m_NavMeshLayer: 0
  m_StaticEditorFlags: 0
  m_IsActive: 0
--- !u!23 &1597510552
MeshRenderer:
  m_ObjectHideFlags: 0
  m_PrefabParentObject: {fileID: 23000010809090388, guid: 7f706b51a773a471a817775a6d26b3be,
    type: 2}
  m_PrefabInternal: {fileID: 1263437043}
  m_GameObject: {fileID: 1597510551}
  m_Enabled: 1
  m_CastShadows: 1
  m_ReceiveShadows: 1
  m_MotionVectors: 1
  m_LightProbeUsage: 1
  m_ReflectionProbeUsage: 1
  m_Materials:
  - {fileID: 0}
  m_SubsetIndices: 
  m_StaticBatchRoot: {fileID: 0}
  m_ProbeAnchor: {fileID: 0}
  m_LightProbeVolumeOverride: {fileID: 0}
  m_ScaleInLightmap: 1
  m_PreserveUVs: 0
  m_IgnoreNormalsForChartDetection: 0
  m_ImportantGI: 0
  m_SelectedWireframeHidden: 0
  m_MinimumChartSize: 4
  m_AutoUVMaxDistance: 0.5
  m_AutoUVMaxAngle: 89
  m_LightmapParameters: {fileID: 0}
  m_SortingLayerID: 0
  m_SortingOrder: 0
--- !u!114 &1597510553
MonoBehaviour:
  m_ObjectHideFlags: 0
  m_PrefabParentObject: {fileID: 11451990, guid: 7f706b51a773a471a817775a6d26b3be,
    type: 2}
  m_PrefabInternal: {fileID: 1263437043}
  m_GameObject: {fileID: 1597510551}
  m_Enabled: 1
  m_EditorHideFlags: 0
  m_Script: {fileID: 11500000, guid: a8c0aeaaf83bc44c9b4234ad863f23ce, type: 3}
  m_Name: 
  m_EditorClassIdentifier: 
--- !u!114 &1597510554
MonoBehaviour:
  m_ObjectHideFlags: 0
  m_PrefabParentObject: {fileID: 11484102, guid: 7f706b51a773a471a817775a6d26b3be,
    type: 2}
  m_PrefabInternal: {fileID: 1263437043}
  m_GameObject: {fileID: 1597510551}
  m_Enabled: 1
  m_EditorHideFlags: 0
  m_Script: {fileID: 11500000, guid: 4ba9426cc13d04d65ad3988a1819e1d9, type: 3}
  m_Name: 
  m_EditorClassIdentifier: 
  respawnPoint: {fileID: 0}
  verticalLimit: -15
--- !u!114 &1597510555
MonoBehaviour:
  m_ObjectHideFlags: 0
  m_PrefabParentObject: {fileID: 11432848, guid: 7f706b51a773a471a817775a6d26b3be,
    type: 2}
  m_PrefabInternal: {fileID: 1263437043}
  m_GameObject: {fileID: 1597510551}
  m_Enabled: 1
  m_EditorHideFlags: 0
  m_Script: {fileID: 11500000, guid: a075f544c172940ae893ed5c1b2286ba, type: 3}
  m_Name: 
  m_EditorClassIdentifier: 
--- !u!54 &1597510556
Rigidbody:
  m_ObjectHideFlags: 0
  m_PrefabParentObject: {fileID: 5430870, guid: 7f706b51a773a471a817775a6d26b3be,
    type: 2}
  m_PrefabInternal: {fileID: 1263437043}
  m_GameObject: {fileID: 1597510551}
  serializedVersion: 2
  m_Mass: 1
  m_Drag: 1
  m_AngularDrag: 0.1
  m_UseGravity: 1
  m_IsKinematic: 0
  m_Interpolate: 0
  m_Constraints: 0
  m_CollisionDetection: 0
--- !u!4 &1597510557
Transform:
  m_ObjectHideFlags: 0
  m_PrefabParentObject: {fileID: 425790, guid: 7f706b51a773a471a817775a6d26b3be, type: 2}
  m_PrefabInternal: {fileID: 1263437043}
  m_GameObject: {fileID: 1597510551}
  m_LocalRotation: {x: 0, y: 0, z: 0, w: 1}
  m_LocalPosition: {x: 3.06, y: 2.3, z: 0}
  m_LocalScale: {x: 1, y: 1, z: 1}
  m_LocalEulerAnglesHint: {x: 0, y: 0, z: 0}
  m_Children:
  - {fileID: 23071247}
  - {fileID: 1829152874}
  m_Father: {fileID: 0}
  m_RootOrder: 6
--- !u!1 &1629603517
GameObject:
  m_ObjectHideFlags: 0
  m_PrefabParentObject: {fileID: 0}
  m_PrefabInternal: {fileID: 0}
  serializedVersion: 4
  m_Component:
  - 4: {fileID: 1629603521}
  - 33: {fileID: 1629603520}
  - 114: {fileID: 1629603522}
  m_Layer: 0
  m_Name: ActiveCameraZone
  m_TagString: Untagged
  m_Icon: {fileID: 0}
  m_NavMeshLayer: 0
  m_StaticEditorFlags: 0
  m_IsActive: 1
--- !u!33 &1629603520
MeshFilter:
  m_ObjectHideFlags: 0
  m_PrefabParentObject: {fileID: 0}
  m_PrefabInternal: {fileID: 0}
  m_GameObject: {fileID: 1629603517}
  m_Mesh: {fileID: 10202, guid: 0000000000000000e000000000000000, type: 0}
--- !u!4 &1629603521
Transform:
  m_ObjectHideFlags: 0
  m_PrefabParentObject: {fileID: 0}
  m_PrefabInternal: {fileID: 0}
  m_GameObject: {fileID: 1629603517}
  m_LocalRotation: {x: 0, y: 0, z: 0, w: 1}
  m_LocalPosition: {x: 3.8996875, y: 5.108842, z: -3.4963942}
  m_LocalScale: {x: 1, y: 1, z: 1}
  m_LocalEulerAnglesHint: {x: 0, y: 0, z: 0}
  m_Children: []
  m_Father: {fileID: 287656276}
  m_RootOrder: 0
--- !u!114 &1629603522
MonoBehaviour:
  m_ObjectHideFlags: 0
  m_PrefabParentObject: {fileID: 0}
  m_PrefabInternal: {fileID: 0}
  m_GameObject: {fileID: 1629603517}
  m_Enabled: 1
  m_EditorHideFlags: 0
  m_Script: {fileID: 11500000, guid: 3a25aa130c979474f94efaa7918488a6, type: 3}
  m_Name: 
  m_EditorClassIdentifier: 
  screen: {fileID: 309507285}
  cameraSpawnPt: {fileID: 1319955315}
  cameraPrefab: {fileID: 182212, guid: e1bf3ce18f0644bd2b146473afae1c8f, type: 2}
  boxArea: {fileID: 164814911}
--- !u!1 &1728082794
GameObject:
  m_ObjectHideFlags: 0
  m_PrefabParentObject: {fileID: 0}
  m_PrefabInternal: {fileID: 0}
  serializedVersion: 4
  m_Component:
  - 224: {fileID: 1728082797}
  - 223: {fileID: 1728082796}
  - 114: {fileID: 1728082795}
  m_Layer: 5
  m_Name: VectorCanvas
  m_TagString: Untagged
  m_Icon: {fileID: 0}
  m_NavMeshLayer: 0
  m_StaticEditorFlags: 0
  m_IsActive: 0
--- !u!114 &1728082795
MonoBehaviour:
  m_ObjectHideFlags: 0
  m_PrefabParentObject: {fileID: 0}
  m_PrefabInternal: {fileID: 0}
  m_GameObject: {fileID: 1728082794}
  m_Enabled: 1
  m_EditorHideFlags: 0
  m_Script: {fileID: 1980459831, guid: f5f67c52d1564df4a8936ccd202a3bd8, type: 3}
  m_Name: 
  m_EditorClassIdentifier: 
  m_UiScaleMode: 0
  m_ReferencePixelsPerUnit: 100
  m_ScaleFactor: 1
  m_ReferenceResolution: {x: 800, y: 600}
  m_ScreenMatchMode: 0
  m_MatchWidthOrHeight: 0
  m_PhysicalUnit: 3
  m_FallbackScreenDPI: 96
  m_DefaultSpriteDPI: 96
  m_DynamicPixelsPerUnit: 1
--- !u!223 &1728082796
Canvas:
  m_ObjectHideFlags: 0
  m_PrefabParentObject: {fileID: 0}
  m_PrefabInternal: {fileID: 0}
  m_GameObject: {fileID: 1728082794}
  m_Enabled: 1
  serializedVersion: 2
  m_RenderMode: 0
  m_Camera: {fileID: 0}
  m_PlaneDistance: 100
  m_PixelPerfect: 0
  m_ReceivesEvents: 1
  m_OverrideSorting: 0
  m_OverridePixelPerfect: 0
  m_SortingBucketNormalizedSize: 0
  m_SortingLayerID: 0
  m_SortingOrder: 1
  m_TargetDisplay: 0
--- !u!224 &1728082797
RectTransform:
  m_ObjectHideFlags: 0
  m_PrefabParentObject: {fileID: 0}
  m_PrefabInternal: {fileID: 0}
  m_GameObject: {fileID: 1728082794}
  m_LocalRotation: {x: 0, y: 0, z: 0, w: 1}
  m_LocalPosition: {x: 0, y: 0, z: 0}
  m_LocalScale: {x: 0, y: 0, z: 0}
  m_LocalEulerAnglesHint: {x: 0, y: 0, z: 0}
  m_Children:
  - {fileID: 958778326}
  m_Father: {fileID: 0}
  m_RootOrder: 4
  m_AnchorMin: {x: 0, y: 0}
  m_AnchorMax: {x: 0, y: 0}
  m_AnchoredPosition: {x: 0, y: 0}
  m_SizeDelta: {x: 0, y: 0}
  m_Pivot: {x: 0, y: 0}
--- !u!1 &1829152873
GameObject:
  m_ObjectHideFlags: 0
  m_PrefabParentObject: {fileID: 1000013685614680, guid: 7f706b51a773a471a817775a6d26b3be,
    type: 2}
  m_PrefabInternal: {fileID: 1263437043}
  serializedVersion: 4
  m_Component:
  - 4: {fileID: 1829152874}
  m_Layer: 0
  m_Name: cam4
  m_TagString: Untagged
  m_Icon: {fileID: 0}
  m_NavMeshLayer: 0
  m_StaticEditorFlags: 0
  m_IsActive: 0
--- !u!4 &1829152874
Transform:
  m_ObjectHideFlags: 0
  m_PrefabParentObject: {fileID: 4000010493619904, guid: 7f706b51a773a471a817775a6d26b3be,
    type: 2}
  m_PrefabInternal: {fileID: 1263437043}
  m_GameObject: {fileID: 1829152873}
  m_LocalRotation: {x: 0, y: 1, z: 0, w: 0}
  m_LocalPosition: {x: 0.047, y: -0.068, z: -0.4}
  m_LocalScale: {x: 1, y: 1, z: 1}
  m_LocalEulerAnglesHint: {x: 0, y: 180, z: 0}
  m_Children:
  - {fileID: 1916643603}
  - {fileID: 1028821435}
  m_Father: {fileID: 1597510557}
  m_RootOrder: 1
--- !u!1 &1886950364
GameObject:
  m_ObjectHideFlags: 0
  m_PrefabParentObject: {fileID: 0}
  m_PrefabInternal: {fileID: 0}
  serializedVersion: 4
  m_Component:
  - 4: {fileID: 1886950368}
  - 33: {fileID: 1886950367}
  - 136: {fileID: 1886950366}
  - 23: {fileID: 1886950365}
  m_Layer: 0
  m_Name: Capsule (5)
  m_TagString: Untagged
  m_Icon: {fileID: 0}
  m_NavMeshLayer: 0
  m_StaticEditorFlags: 0
  m_IsActive: 0
--- !u!23 &1886950365
MeshRenderer:
  m_ObjectHideFlags: 0
  m_PrefabParentObject: {fileID: 0}
  m_PrefabInternal: {fileID: 0}
  m_GameObject: {fileID: 1886950364}
  m_Enabled: 1
  m_CastShadows: 1
  m_ReceiveShadows: 1
  m_MotionVectors: 1
  m_LightProbeUsage: 1
  m_ReflectionProbeUsage: 1
  m_Materials:
  - {fileID: 2100000, guid: c63ba720eab304bfba35f9df15a2bde7, type: 2}
  m_SubsetIndices: 
  m_StaticBatchRoot: {fileID: 0}
  m_ProbeAnchor: {fileID: 0}
  m_LightProbeVolumeOverride: {fileID: 0}
  m_ScaleInLightmap: 1
  m_PreserveUVs: 1
  m_IgnoreNormalsForChartDetection: 0
  m_ImportantGI: 0
  m_SelectedWireframeHidden: 0
  m_MinimumChartSize: 4
  m_AutoUVMaxDistance: 0.5
  m_AutoUVMaxAngle: 89
  m_LightmapParameters: {fileID: 0}
  m_SortingLayerID: 0
  m_SortingOrder: 0
--- !u!136 &1886950366
CapsuleCollider:
  m_ObjectHideFlags: 0
  m_PrefabParentObject: {fileID: 0}
  m_PrefabInternal: {fileID: 0}
  m_GameObject: {fileID: 1886950364}
  m_Material: {fileID: 13400000, guid: f49a1c154f8e9406b8c12cb2d9a32e2c, type: 2}
  m_IsTrigger: 0
  m_Enabled: 1
  m_Radius: 0.5
  m_Height: 2
  m_Direction: 1
  m_Center: {x: 0, y: 0, z: 0}
--- !u!33 &1886950367
MeshFilter:
  m_ObjectHideFlags: 0
  m_PrefabParentObject: {fileID: 0}
  m_PrefabInternal: {fileID: 0}
  m_GameObject: {fileID: 1886950364}
  m_Mesh: {fileID: 10208, guid: 0000000000000000e000000000000000, type: 0}
--- !u!4 &1886950368
Transform:
  m_ObjectHideFlags: 0
  m_PrefabParentObject: {fileID: 0}
  m_PrefabInternal: {fileID: 0}
  m_GameObject: {fileID: 1886950364}
  m_LocalRotation: {x: -0.2773258, y: 0, z: 0, w: 0.960776}
  m_LocalPosition: {x: 7.17, y: 0.09, z: 2.54}
  m_LocalScale: {x: 0.27976567, y: 13.681361, z: 0.27976567}
  m_LocalEulerAnglesHint: {x: -32.2014, y: 0, z: 0}
  m_Children: []
  m_Father: {fileID: 0}
  m_RootOrder: 14
--- !u!1 &1916643602
GameObject:
  m_ObjectHideFlags: 0
  m_PrefabParentObject: {fileID: 1000012294703756, guid: 7f706b51a773a471a817775a6d26b3be,
    type: 2}
  m_PrefabInternal: {fileID: 1263437043}
  serializedVersion: 4
  m_Component:
  - 4: {fileID: 1916643603}
  m_Layer: 0
  m_Name: camera1
  m_TagString: Untagged
  m_Icon: {fileID: 0}
  m_NavMeshLayer: 0
  m_StaticEditorFlags: 0
  m_IsActive: 1
--- !u!4 &1916643603
Transform:
  m_ObjectHideFlags: 0
  m_PrefabParentObject: {fileID: 4000011722113546, guid: 7f706b51a773a471a817775a6d26b3be,
    type: 2}
  m_PrefabInternal: {fileID: 1263437043}
  m_GameObject: {fileID: 1916643602}
  m_LocalRotation: {x: 0, y: -0, z: -0, w: 1}
  m_LocalPosition: {x: -0, y: 0, z: 0}
  m_LocalScale: {x: 1, y: 1, z: 1}
  m_LocalEulerAnglesHint: {x: 0, y: 0, z: 0}
  m_Children:
  - {fileID: 966229596}
  m_Father: {fileID: 1829152874}
  m_RootOrder: 0
--- !u!1 &1963862514
GameObject:
  m_ObjectHideFlags: 0
  m_PrefabParentObject: {fileID: 195850, guid: dbc4305bcbe70445b968bc3bf399afe5, type: 2}
  m_PrefabInternal: {fileID: 826734527}
  serializedVersion: 4
  m_Component:
  - 4: {fileID: 1963862515}
  - 33: {fileID: 1963862517}
  - 23: {fileID: 1963862516}
  m_Layer: 0
  m_Name: TubeMonitorMonitor (2)
  m_TagString: Untagged
  m_Icon: {fileID: 0}
  m_NavMeshLayer: 0
  m_StaticEditorFlags: 0
  m_IsActive: 1
--- !u!4 &1963862515
Transform:
  m_ObjectHideFlags: 0
  m_PrefabParentObject: {fileID: 470824, guid: dbc4305bcbe70445b968bc3bf399afe5, type: 2}
  m_PrefabInternal: {fileID: 826734527}
  m_GameObject: {fileID: 1963862514}
  m_LocalRotation: {x: 0, y: 0, z: 0, w: 1}
  m_LocalPosition: {x: 0, y: 0, z: 0}
  m_LocalScale: {x: 1, y: 1, z: 1}
  m_LocalEulerAnglesHint: {x: 0, y: 0, z: 0}
  m_Children: []
  m_Father: {fileID: 1346787790}
  m_RootOrder: 1
--- !u!23 &1963862516
MeshRenderer:
  m_ObjectHideFlags: 0
  m_PrefabParentObject: {fileID: 2354954, guid: dbc4305bcbe70445b968bc3bf399afe5,
    type: 2}
  m_PrefabInternal: {fileID: 826734527}
  m_GameObject: {fileID: 1963862514}
  m_Enabled: 1
  m_CastShadows: 1
  m_ReceiveShadows: 1
  m_MotionVectors: 1
  m_LightProbeUsage: 1
  m_ReflectionProbeUsage: 1
  m_Materials:
  - {fileID: 10303, guid: 0000000000000000f000000000000000, type: 0}
  m_SubsetIndices: 
  m_StaticBatchRoot: {fileID: 0}
  m_ProbeAnchor: {fileID: 0}
  m_LightProbeVolumeOverride: {fileID: 0}
  m_ScaleInLightmap: 1
  m_PreserveUVs: 1
  m_IgnoreNormalsForChartDetection: 0
  m_ImportantGI: 0
  m_SelectedWireframeHidden: 0
  m_MinimumChartSize: 4
  m_AutoUVMaxDistance: 0.5
  m_AutoUVMaxAngle: 89
  m_LightmapParameters: {fileID: 0}
  m_SortingLayerID: 0
  m_SortingOrder: 0
--- !u!33 &1963862517
MeshFilter:
  m_ObjectHideFlags: 0
  m_PrefabParentObject: {fileID: 3355466, guid: dbc4305bcbe70445b968bc3bf399afe5,
    type: 2}
  m_PrefabInternal: {fileID: 826734527}
  m_GameObject: {fileID: 1963862514}
  m_Mesh: {fileID: 10210, guid: 0000000000000000e000000000000000, type: 0}
